2316 4080
116 307 145 362 18
416 310 451 357 DE
469 306 604 358 necteus.
619 309 704 359 LIBER
725 311 745 358 1.

113 423 198 492 soleo,
215 438 276 478 eum
291 418 376 476 semel
393 418 459 493 quid
480 434 558 475 orsus
580 435 649 487 sum,
673 419 697 474 si
720 420 844 477 traducor
863 420 928 491 alio,
955 437 1041 493 neque

113 503 170 550 tam
183 493 262 550 facile
272 492 428 564 interrupta
443 499 556 547 contexo
570 507 650 563 quam
664 491 774 547 absolvo
790 492 922 549 instituta.

146 586 272 641 airricus
300 580 475 653 Legatiouem
498 579 619 661 aliquam
635 578 764 636 nimirum
794 582 847 639 ista
872 583 963 639 oratio
981 599 1041 657 pos·

109 656 190 724 tulat,
214 665 262 711 aut
285 651 419 726 ejusmodi
439 669 597 724 quampiam
614 651 793 709 cessationem
816 654 934 709 liberam
959 661 1040 727 atque

111 727 236 784 otiosam.

146 816 273 872 Manuos.
294 815 352 885 Ego
361 830 425 870 vero
436 811 524 869 aetatis
538 811 628 885 potius
638 813 772 869 vacationi
785 814 967 881 confidebam,
980 832 1039 870 cum

77 893 80 898 '
110 885 263 960 praesertim
278 902 331 941 uon
347 901 516 950 recusarem,
530 901 583 955 quo
600 883 690 940 minus
709 902 785 941 more
800 885 889 958 patrio
903 886 1003 942 sedens
1014 885 1039 940 in

112 958 191 1024 solio,
209 954 412 1030 consulentibus
426 954 631 1028 responderem,
648 956 851 1030 senectutisque
871 973 926 1011 non
944 956 1038 1012 inertis

112 1037 191 1101 grato
204 1037 286 1101 atque
302 1028 416 1085 honesto
430 1026 563 1098 fungerer
577 1043 701 1083 munero.
718 1028 763 1084 Sic
775 1029 850 1084 enim
864 1027 931 1083 mibi
946 1027 1039 1083 liceret

109 1108 136 1157 et
161 1099 205 1156 isti
229 1099 280 1170 rei,
302 1115 384 1173 quam
407 1097 557 1165 desideras,
586 1106 612 1154 et
633 1097 726 1154 multis
750 1099 928 1156 uberioribus
959 1106 1037 1171 atque

108 1171 259 1244 majoribus
274 1187 366 1244 operae
379 1177 510 1242 quantum
526 1168 623 1224 vellem
638 1169 713 1225 dare.

144 1260 187 1317 IV.
202 1261 328 1316 ArrthS.
342 1257 425 1339 Atqui
438 1274 546 1323 vereor,
558 1274 592 1312 ne
607 1257 688 1314 istam
710 1275 820 1314 eausam
840 1275 920 1314 nemo
943 1264 1036 1313 noscat

108 1332 210 1405 tibique
234 1346 343 1402 semper
372 1328 517 1385 dicendum
536 1328 588 1393 sit;
611 1338 638 1385 et
661 1346 692 1385 eo
714 1329 810 1401 magis,
832 1328 905 1402 quod
930 1336 956 1383 te
979 1329 1035 1401 ipse

107 1402 217 1458 mutasti
231 1410 258 1458 et
272 1400 346 1457 aliud
359 1399 465 1456 dicendi
481 1399 624 1456 instituisti
637 1417 735 1472 genuS,
751 1408 789 1469 ut,
806 1400 1035 1472 quemadmodum

106 1474 230 1542 Roscius
246 1469 387 1530 familiaris
399 1481 473 1541 tuus,
487 1471 516 1527 in
528 1476 812 1529 senectute'uumeros
827 1472 854 1527 in
868 1470 1035 1528 canturemi-

105 1554 180 1603 serat
193 1545 320 1619 ipsasque
336 1543 473 1600 tardiores
485 1543 588 1600 lecerat
597 1542 689 1611 tibias,
701 1541 740 1599 sie
753 1550 783 1598 tu
793 1559 809 1598 a
818 1542 1034 1600 contentionibus

105 1755 158 1811 que
172 1754 236 1794 mon
248 1735 335 1810 esprit
353 1745 395 1791 est
410 1737 483 1809 sujet
501 1735 517 1790 a
532 1752 562 1790 se
576 1734 761 1805 deconcerter,
779 1735 967 1812 lorsqu’ayant
982 1753 1032 1793 une

103 1816 156 1873 lois
172 1816 325 1874 commence
339 1831 394 1871 une
410 1815 503 1882 chose,
521 1813 540 1869 il
559 1831 594 1869 en
607 1825 649 1871 est
661 1815 795 1873 detourue
810 1835 860 1890 par
871 1834 927 1873 une
945 1827 1030 1888 autre,

104 1905 130 1953 et
149 1896 168 1952 il
182 1913 217 1952 ne
234 1895 312 1951 m’est
333 1911 383 1968 pas
402 1893 478 1950 aussi
491 1892 572 1950 facile
595 1895 628 1950 de
642 1896 794 1969 reprendre
816 1915 847 1953 ce
862 1915 915 1971 que
926 1897 977 1971 j'ei
991 1898 1032 1955 in-

103 1984 252 2050 terrempu,
278 1990 332 2047 que
346 1973 380 2029 de
395 1972 528 2030 terminer
542 1991 572 2029 ce
588 1992 640 2047 que
652 1974 700 2047 J’ai
713 1976 859 2049 entrepris.

137 2066 262 2121 Arrlcus
295 2061 469 2118 C’est-adire
498 2063 598 2137 qu'une
618 2064 683 2120 telle
706 2066 889 2139 composition
920 2084 955 2122 ne
985 2067 1031 2123 de·

102 2145 202 2200 mande
222 2143 279 2198 rien
304 2142 392 2198 moins
412 2141 513 2214 qu'une
534 2141 668 2215 le'gation,
686 2161 721 2202 ou
745 2145 863 2219 quelque
886 2154 976 2221 temps
998 2147 1031 2203 de

103 2222 215 2280 retraite
231 2222 302 2279 libre
318 2230 346 2277 et
359 2222 456 2278 oisive.

137 2313 261 2368 Mundus,
282 2310 349 2380 Non,
362 2311 392 2385 je
407 2312 539 2386 comptais
552 2312 639 2386 plutdt
655 2331 702 2370 sur
716 2315 743 2371 le
758 2315 892 2391 privilege
908 2316 942 2372 de
957 2316 1029 2372 rete·

100 2410 193 2463 rance‚
206 2391 329 2450 d'autant
341 2410 395 2466 que
408 2391 437 2465 je
452 2410 487 2449 ne
503 2411 546 2449 me
559 2393 676 2450 refusais
691 2394 768 2467 point
783 2395 799 2451 t
814 2396 908 2452 imiter
919 2415 956 2454 un
968 2396 1029 2468 jour

100 2472 206 2545 t‘usage
221 2473 255 2529 de
270 2488 320 2530 nos
335 2473 429 2546 peres,
446 2474 622 2546 ardpondre,
636 2474 704 2530 assis
719 2491 767 2531 sur
779 2493 841 2532 mon
856 2477 946 2548 siege,
956 2476 972 2532 b
982 2476 1026 2550 qui

100 2551 235 2608 viendrait
248 2569 290 2608 me
303 2552 451 2620 consulter,
461 2553 541 2608 tache
556 2553 707 2610 honorable
723 2564 749 2610 et
764 2555 850 2612 donee
861 2555 943 2612 d'une
955 2556 1029 2612 vieil-

98 2631 171 2688 lesse
180 2631 228 2705 qui
238 2649 273 2688 ne
282 2648 311 2688 se
322 2631 432 2704 relbche
441 2631 527 2704 point.
539 2633 617 2689 Vella
628 2650 729 2691 comme
742 2633 763 2690 il
778 2652 822 2692 me
834 2636 918 2692 serait
928 2636 1028 2710 permis

99 2710 134 2768 de
154 2711 258 2768 donner
272 2718 331 2767 tout
351 2709 378 2766 le
398 2710 457 2767 soin
477 2711 543 2784 qu'il
564 2729 607 2768 me
627 2712 746 2787 plairait,
762 2724 789 2772 et
810 2716 826 2772 a
845 2716 959 2773 l’oenvre
977 2733 1027 2790 que

100 2807 168 2847 vous
181 2789 298 2862 desirea,
312 2797 340 2846 et
354 2789 369 2846 d
385 2789 526 2864 beaucoup
541 2791 662 2849 d’autres
679 2811 777 2852 encore
792 2796 854 2869 plus
866 2797 986 2869 grandes
1001 2803 1028 2853 et
1071 2828 1073 2841 ·

99 2870 161 2944 plus
176 2869 319 2927 elendues.

135 2959 179 3017 Ill.
200 2962 327 3018 brucus.
347 2959 379 3018 le
394 2959 485 3017 crains
504 2961 624 3035 fertque
639 2981 776 3038 personne
793 2965 940 3024 n’enteude
957 2974 1025 3024 cette

98 3040 201 3109 raison,
220 3048 247 3096 et
267 3057 319 3113 que
333 3057 401 3099 vous
423 3058 457 3097 ue
477 3058 555 3116 soyea
577 3042 682 3101 desitne
704 3046 720 3101 a
739 3047 864 3119 toujours
884 3048 977 3121 parler
993 3064 1025 3104 en
1070 3060 1072 3069 ¹

98 3120 201 3194 publio,
212 3127 320 3177 surtout
335 3121 431 3195 depuis
443 3138 497 3195 que
507 3139 574 3179 rous
582 3141 649 3181 vous
663 3127 720 3182 btes
730 3125 835 3199 change
846 3131 1025 3197 vous-meme,

99 3208 188 3274 etque
198 3216 264 3256 vous
276 3217 340 3256 aven
351 3201 409 3275 pris
421 3219 475 3258 une
490 3211 569 3259 autre
579 3204 740 3262 manibred
753 3205 895 3281 l’exemple
906 3208 940 3264 de
949 3218 1024 3265 votre

98 3280 153 3338 ami
167 3279 281 3337 Roscius
295 3280 353 3353 qui,
369 3280 436 3339 dans
451 3299 482 3338 sa
495 3282 644 3353 vieillesse,
655 3293 737 3359 ayant
751 3286 843 3343 baisse
864 3286 890 3343 le
907 3289 1023 3345 eadence
1070 3312 1072 3323 =

99 3369 127 3417 et
145 3359 234 3419 leton
251 3359 286 3415 de
307 3377 338 3416 sa
351 3360 421 3429 voix,
438 3362 529 3418 laisait
549 3362 663 3421 ralentir
680 3364 959 3440 l’accompagnement
978 3370 1024 3425 des

97 3441 185 3510 lliltes,
201 3458 268 3498 vous
293 3440 414 3498 rabattez
436 3448 500 3499 tous
523 3442 564 3499 les
582 3444 662 3516 jours
676 3445 794 3520 quelque
815 3446 898 3506 chose
920 3449 957 3507 de
981 3466 1025 3506 ces
