2316 4080
184 277 216 330 58
482 286 520 336 on
538 286 672 337 LEGIBUS.
689 286 776 337 LIBER
793 287 813 336 1.

185 400 327 528 phrastum
345 402 475 460 cumillis
496 411 679 478 congruentes
697 421 738 472 re,
757 419 857 477 genere
872 399 988 458 docendi
1005 400 1105 472 paulun
1131 420 1155 464 1η·

206 473 342 530 iderentes
362 475 449 531 secuti
465 484 537 544 sunt,
554 476 621 543 sive,
635 483 666 532 ut
683 475 783 532 Zenoni
797 475 886 530 visum
900 481 949 542 est,
960 473 1050 554 rebus
1064 487 1106 551 non
1138 497 1145 549 3,

186 545 357 601 commutatis
372 546 585 604 immutaverunt
594 546 736 615 vocahula,
751 546 809 602 sive
824 546 907 602 etiam
922 546 1057 624 Aristonis
1068 541 1105 596 dd·

186 615 287 672 ticilem
302 625 383 689 atque
396 619 520 686 arduam,
536 619 584 675 sed
603 620 658 692 jam
680 626 770 675 tamen
785 619 900 674 fractam
921 624 948 672 et
967 624 1106 697 conmotam
1136 619 1154 674 l'

187 695 289 742 sectam
306 689 391 745 secuti
408 697 483 758 sunt,
493 697 534 759 ut,
544 690 688 746 virtutibus
703 689 825 763 exceptis
836 697 918 762 atque
930 686 1017 754 vitus,
1029 695 1107 766 cetera
1137 681 1154 735 l¹

186 756 214 812 in
227 775 333 884 slpmma
345 761 502 836 equalitate
513 769 655 834 ponerent,
664 793 699 802 -
710 760 744 817 iis
756 759 883 817 omnihus
893 760 963 828 haec,
976 774 1041 832 quae
1053 756 1105 822 dm,
1139 828 1154 840 Ι*

207 845 236 885 ro
258 837 347 887 entur.
1140 870 1153 891 π

187 845 204 902 p
224 900 282 957 Sibi
308 911 399 959 autem
429 902 615 976 indulgentes,
639 912 666 962 et
686 903 794 977 corpori
819 901 1017 970 deservientes,
1039 906 1107 980 atque
1141 933 1153 963 ,

188 972 287 1041 omnia,
323 991 367 1030 uae
385 982 535 1046 sequentur
548 974 576 1031 in
592 976 647 1031 rita
661 992 777 1049 quaeque
796 974 912 1046 fugiant,
931 970 1108 1056 voluptatibus
1143 982 1153 1027 ἒ

187 1049 216 1098 et
226 991 567 1117 dolonhusponderantes
579 1047 685 1103 etiamsi
696 1063 758 1104 vera
773 1045 866 1102 dicunt
875 1044 957 1115 (nihil
967 1061 1043 1101 emm
1052 1056 1108 1116 opos
1144 1060 1153 1088 1.

188 1122 229 1170 est
243 1114 368 1174 hocloco
383 1116 498 1186 litibus),
514 1117 543 1173 in
558 1117 675 1174 hortulis
690 1118 748 1174 suis
760 1117 906 1190 jubeamus
921 1116 1028 1184 dicere,
1039 1122 1108 1186 atquo
1144 1118 1153 1152 ⁵

188 1185 270 1242 ctiam
281 1188 315 1243 ah
325 1188 398 1245 omni
414 1188 545 1247 societate
557 1189 598 1244 rei
609 1189 737 1264 publicae,
747 1188 825 1260 cujus
835 1197 943 1262 partem
958 1205 1008 1243 nec
1023 1189 1109 1242 norunt
1145 1180 1153 1275 ζ

187 1257 272 1313 ullam
293 1277 327 1315 ne
348 1277 383 1316 ue
405 1277 526 1333 unquam
548 1278 630 1317 nosse
651 1262 806 1328 voluerunt,
818 1259 963 1334 paulisper
983 1258 1109 1314 facessant
1148 1307 1152 1341 ὃ

187 1278 577 1401 rogemuquerturhatricem
593 1339 685 1388 autem
700 1332 798 1388 harum
814 1331 935 1386 omnium
951 1329 1108 1386 rerumhca
1151 1372 1152 1375 ,

188 1398 315 1470 demiam,
332 1401 402 1458 hanc
414 1403 448 1458 ab
463 1404 585 1460 Arcesila
600 1411 627 1458 et
642 1403 783 1460 Carneade
798 1410 949 1469 recentem,
965 1416 1108 1482 eroremus,
1149 1445 1152 1451 .

187 1478 218 1527 ut
241 1472 336 1541 sileat3
359 1491 423 1529 nam
446 1474 469 1530 si
490 1474 622 1532 invaserit
643 1475 671 1531 in
693 1475 764 1542 haec,
780 1492 841 1547 quae
860 1474 926 1529 satis
950 1481 1021 1528 scite
1043 1471 1109 1527 nohis
1151 1520 1152 1525 ,

188 1541 322 1601 instructa
337 1552 364 1601 et
382 1547 532 1620 composita
546 1547 681 1613 videntur,
707 1545 806 1601 nimias
829 1545 891 1601 edet
910 1543 1025 1613 ruinas,
1041 1556 1110 1617 quam

187 1613 299 1687 quidem
315 1633 366 1689 ego
381 1617 490 1690 placare
502 1619 594 1693 cupio,
605 1634 776 1675 summovere
789 1633 843 1673 non
858 1614 958 1673 audeo.

188 1878 253 1919 avec
272 1879 324 1919 eux
338 1881 386 1920 sur
398 1865 424 1922 le
438 1865 513 1931 fond,
528 1865 600 1922 mais
615 1883 649 1920 en
664 1864 794 1921 differant
805 1883 844 1921 un
859 1882 913 1938 peu
928 1882 977 1921 sur
990 1864 1020 1921 la
1033 1865 1111 1923 forme

189 1934 224 1990 de
238 1933 265 1990 la
279 1934 506 2006 demonstration,
519 1937 555 1992 ils
571 1936 649 1993 aient
663 1936 734 1993 suivi
749 1937 866 1994 Aristote
877 1944 903 1992 et
914 1936 1110 2010 Theophraste3

190 2004 244 2062 soit
264 2022 328 2078 que,
349 2023 455 2064 comme
475 2007 512 2064 l'a
531 2008 616 2065 voulu
634 2008 733 2077 Zdnon,
755 2026 817 2064 sans
839 2008 899 2064 rien
922 2009 1048 2080 changer
1068 2023 1111 2064 aur

188 2077 299 2146 choses,
316 2077 351 2133 ils
371 2078 448 2135 aient
469 2080 576 2152 change
598 2079 639 2135 les
658 2079 846 2153 expressions3
863 2080 916 2136 soit
930 2082 1022 2136 meme
1038 2078 1111 2153 qu'ils

189 2148 264 2204 aient
277 2148 420 2205 embrasse
435 2150 462 2205 11
477 2158 550 2207 secte
564 2150 711 2219 d’Ariston‚
726 2159 753 2208 et
768 2158 839 2206 cette
852 2151 977 2207 doctrine
993 2152 1077 2208 ardue
1091 2155 1112 2205 et

189 2217 310 2288 difficile,
327 2220 397 2277 mais
422 2221 484 2295 de'jal
504 2221 623 2297 dissipee
643 2230 670 2278 et
689 2221 815 2290 vaincue,
836 2223 882 2296 qui
904 2231 970 2278 veut
992 2241 1058 2296 que,
1078 2221 1112 2277 les

189 2296 282 2345 venus
295 2298 321 2346 et
336 2291 377 2348 les
391 2292 465 2350 vices
483 2294 622 2378 exceptos,
638 2302 697 2350 tout
718 2293 745 2350 le
766 2303 841 2349 reste
856 2293 911 2350 soit
926 2293 1113 2368 perlaitement

189 2359 265 2488 ega1d3
282 2361 298 2418 a
316 2370 378 2421 tous
398 2365 517 2437 ceux-ld,
531 2366 624 2440 dis-je,
637 2365 666 2439 je
686 2361 776 2422 desire
791 2365 861 2422 faire
874 2376 1003 2438 acceptes
1017 2384 1049 2422 ce
1067 2379 1113 2440 que
1148 2420 1150 2429 ,

185 2430 233 2504 J’ai
265 2431 296 2489 it.

224 2504 314 2569 Quant
340 2507 356 2562 d
382 2525 427 2564 ces
447 2509 569 2566 flatteurs
597 2508 840 2577 deux-memes&
864 2526 909 2565 ces
937 2509 1061 2566 esclaves
1087 2507 1114 2563 dc

190 2575 265 2632 leurs
287 2594 362 2646 sens,
375 2580 423 2661 qui
443 2580 540 2652 pesent
554 2598 589 2636 au
605 2581 685 2654 poids
699 2581 735 2636 du
749 2579 848 2654 plaisir
860 2597 896 2636 ou
910 2580 944 2637 de
961 2581 990 2637 la
1005 2580 1115 2637 douleur
1139 2606 1144 2615 ·

191 2662 222 2701 ce
244 2648 322 2720 qu'ils
349 2649 458 2706 doivent
482 2651 615 2707 chercher
637 2669 672 2707 ou
693 2651 748 2706 fuir
768 2653 838 2708 dans
859 2660 930 2709 cette
948 2653 1010 2719 rie;
1030 2649 1115 2726 quand

191 2719 279 2774 meme
294 2719 329 2774 ils
344 2720 461 2776 diraient
470 2722 528 2777 vrai
543 2725 600 2791 (111
609 2723 638 2794 je
652 2739 685 2777 ne
694 2739 765 2778 veux
779 2723 857 2797 point
872 2723 907 2779 ici
921 2723 1049 2780 ohicaner
1058 2738 1116 2779 avec

192 2791 270 2860 eux);
287 2791 492 2864 renvoyonsles
508 2791 640 2849 dissertor
658 2793 725 2849 dans
745 2793 820 2850 leurs
835 2793 958 2868 jardins3
977 2795 1061 2869 qu'ils
1077 2811 1116 2850 re·

192 2869 308 2917 nonoent
319 2860 335 2916 d
348 2869 425 2919 toute
438 2863 619 2921 intervention
631 2865 699 2921 dans
716 2865 744 2921 11
759 2867 841 2922 chose
855 2866 989 2940 puhlique
1006 2868 1073 2924 dont
1086 2864 1116 2920 ils

191 2947 226 2986 ne
252 2931 435 3003 connaissent,
453 2936 518 2992 dont
543 2935 577 2991 ils
601 2936 677 2993 n’ont
700 2936 783 2993 voulu
804 2937 903 3010 jamais
927 2941 1070 2995 connaitre
1094 2935 1117 2990 11

191 3002 315 3059 moindre
330 3006 427 3077 partie,
447 3015 474 3062 et
493 3006 574 3081 qu’ils
589 3014 695 3064 restent
706 3025 743 3064 un
757 3016 879 3064 moment
893 3008 909 3064 d
925 3008 1032 3065 l'ecart.
1050 3010 1117 3065 Pour

191 3082 262 3130 cette
275 3077 403 3134 nouvelle
415 3079 558 3136 Academie
572 3079 619 3153 qui
633 3078 696 3136 date
710 3079 871 3136 d'hrcesilas
884 3081 956 3137 etde
970 3081 1115 3147 Carneade,

192 3153 219 3201 et
234 3147 281 3219 qui
295 3147 457 3206 houleverse
474 3160 535 3208 tous
553 3151 595 3207 les
615 3151 763 3225 principes,
779 3151 913 3224 prinus-la
927 3153 962 3208 de
978 3152 1081 3226 garder
1094 3152 1118 3206 11

191 3215 302 3274 silence.
319 3219 345 3274 Si
366 3221 419 3276 elle
441 3221 531 3280 faisait
550 3223 687 3297 irruption
709 3240 757 3278 sur
779 3232 856 3279 notre
877 3225 992 3293 terrain,
1009 3226 1046 3281 oh
1064 3228 1118 3280 tout

191 3305 260 3345 nous
282 3291 387 3346 semble
409 3293 544 3350 construit
567 3303 595 3352 et
616 3295 731 3367 arrange'
751 3310 816 3351 avec
833 3310 909 3351 assez
929 3295 1012 3366 d'art,
1035 3296 1120 3366 ellep

190 3360 275 3417 feroit
287 3370 350 3446 trpp
368 3361 401 3418 de
416 3380 540 3437 ravages.
556 3365 588 3422 Je
601 3365 722 3440 n'aspire
734 3364 801 3439 qu'i
812 3366 839 3422 11
851 3365 958 3435 11111111,
974 3369 1045 3425 mais
1060 3367 1121 3424 l’at·

191 3440 300 3507 taquer,
313 3451 343 3507 Je
355 3434 442 3491 n'ose.
