2316 4080
111 313 126 360 8
401 310 439 357 Dii
456 309 590 357 LEGIBUS.
605 309 695 356 tisun
710 308 729 354 l.

111 443 165 482 non
180 426 261 497 longe
281 425 346 480 item
370 440 386 479 a
406 431 454 479 tua
468 423 515 478 ilia
536 421 651 495 antiqua
670 422 750 478 domo
768 421 920 494 Orithyiam
943 423 1041 493 Aquilo

110 504 267 569 sustulerim
285 504 325 559 sic
338 503 412 559 enim
428 512 470 559 est
481 502 623 558 traditum.

80 581 88 598 ⁸
144 586 272 641 euricus
291 585 427 648 Quorsum
441 582 550 639 tandem
565 590 613 638 aut
627 599 676 638 our
686 582 741 644 ista
752 581 872 655 quaeris‘?

146 665 268 720 Manuos.
289 663 360 718 Nihil
374 680 451 732 sone,
466 663 518 718 nisi
526 678 561 718 ne
573 662 654 717 nimis
666 661 815 734 diligenter
824 661 947 734 inquiras
958 663 986 718 in
999 681 1040 730 eu,

110 761 172 818 quae
186 745 238 800 isto
253 742 334 800 modo
347 743 486 799 memoriae
501 743 556 798 sint
571 741 687 815 prodita.

144 827 267 881 Arrium.
289 822 370 896 Atqui
384 822 470 878 muita
488 832 648 895 quaeruntur
660 822 688 876 in
703 822 795 881 Marto
807 824 906 878 [iotaue
927 841 962 878 an
977 842 1040 879 vera

108 905 171 973 sint,
186 913 213 959 et
228 920 244 958 a
257 903 406 968 nonnullis,
423 902 497 976 quod
510 910 537 958 et
552 902 578 957 in
600 902 703 958 recenti
721 902 854 958 memoria
869 911 898 958 et
913 903 942 958 in
959 904 1039 977 Arpi-

108 983 164 1039 nati
180 984 290 1039 homine
304 999 427 1051 versere,
444 983 546 1038 veritas
561 992 615 1038 ate
628 982 792 1056 postulatur.

143 1063 265 1122 Manuos.
286 1063 320 1119 Et
333 1061 490 1118 mehercule
505 1079 556 1135 ego
571 1080 615 1118 me
637 1062 718 1135 cupio
734 1079 788 1118 non
807 1062 968 1118 mendaeem
989 1081 1040 1137 pu-

108 1143 176 1211 tari;
192 1144 241 1200 sed
256 1151 349 1199 tamen
363 1141 486 1198 nonnulii
506 1142 561 1212 isti,
577 1142 639 1198 Tite
655 1152 758 1211 noster,
774 1142 877 1198 faciunt
898 1143 1038 1216 imperite,

106 1223 154 1296 qui
169 1223 197 1278 iu
209 1224 262 1280 isto
277 1222 400 1298 periculo
416 1238 468 1278 non
483 1231 513 1277 ut
527 1239 544 1277 a
558 1230 650 1296 poeta,
664 1222 713 1277 sed
730 1231 760 1278 ut
779 1230 880 1278 ateste
894 1222 1039 1278 veritatem

107 1303 231 1375 exigant3
246 1320 297 1360 nec
319 1303 423 1371 dubito,
440 1301 507 1374 quin
526 1301 610 1356 iidem
627 1313 654 1357 et
672 1319 734 1357 cum
753 1300 854 1374 Egeria
873 1302 1038 1358 collocutum

106 1382 220 1439 Numam
235 1391 262 1439 et
273 1383 308 1439 ab
323 1382 416 1454 aquila
428 1381 576 1454 Tarquinio
586 1381 690 1455 apicem
703 1381 859 1454 impositum
871 1389 979 1455 putent.

142 1464 275 1529 Qutnrus.
307 1462 435 1535 intelligo
467 1470 506 1531 te,
528 1462 623 1530 frater,
658 1461 725 1517 alias
754 1460 783 1516 in
812 1461 928 1518 historia
963 1463 1038 1535 leges

34 1550 35 1554 ’
107 1543 289 1600 observandas
304 1551 410 1618 putare,
427 1542 495 1599 alias
507 1542 535 1598 in
550 1550 685 1617 poemate.
912 1595 917 1607 ,

141 1623 264 1681 tianeus.
285 1621 402 1697 Quippe,
418 1639 481 1680 omn
496 1621 525 1677 in
542 1622 591 1678 illa
604 1621 694 1679 omnia
709 1621 744 1677 ad
759 1621 912 1690 veritatem,
927 1622 1035 1690 Quinte,

105 1819 182 1869 rotre
197 1812 307 1883 antique
331 1811 460 1867 domeure
482 1808 652 1885 qu’Orithyie
670 1809 711 1866 fut
729 1809 842 1867 euleree
863 1826 914 1884 par
929 1809 1035 1866 Boreo?

105 1907 152 1948 oar
167 1890 231 1948 telle
247 1898 289 1947 est
300 1889 328 1947 la
341 1889 481 1947 tradition.

118 1982 263 2102 erpotis.
293 1979 351 2044 Que
376 1979 554 2036 routez-vous
581 1978 660 2035 dire‘t
688 1988 716 2035 et
732 1978 865 2053 pourquoi
885 1996 932 2035 ces
952 1994 1034 2052 ques·

104 2070 177 2118 trons
187 2103 193 2115 .

140 2150 265 2206 Manuos.
290 2145 368 2218 Rieu,
384 2147 463 2205 sinon
480 2147 546 2223 qu’il
568 2166 603 2205 ne
626 2148 685 2205 faut
706 2166 756 2222 pas
777 2156 926 2205 soumettre
945 2146 1034 2220 eune

104 2228 221 2302 critique
236 2237 298 2302 trop
312 2236 407 2285 enaote
421 2228 462 2285 les
476 2228 621 2284 traditions
634 2227 667 2284 de
683 2245 714 2284 oe
729 2246 824 2302 genre.

138 2319 265 2375 Amicus.
283 2317 423 2374 Toutefois
435 2317 454 2373 il
473 2319 672 2392 yaheaueoup
684 2318 717 2373 de
733 2318 830 2374 choses
849 2319 917 2374 dans
935 2318 960 2373 le
976 2317 1032 2375 Mo·

103 2399 168 2456 rios
183 2397 251 2456 dont
269 2416 304 2456 on
326 2399 462 2456 demando
482 2398 506 2455 si
526 2399 593 2456 elles
615 2406 678 2455 sont
700 2398 807 2454 fausses
828 2415 864 2454 ou
883 2398 988 2466 vraies;
1004 2405 1031 2452 et

103 2477 238 2536 certaines
266 2496 334 2552 gens
357 2479 467 2551 exigent
495 2478 529 2535 de
552 2495 620 2534 rous
643 2479 670 2534 ta
691 2477 789 2547 verite,
818 2478 937 2551 puisque
964 2492 1031 2532 vous

102 2559 194 2632 parler
209 2559 242 2615 de
256 2559 318 2615 faits
329 2566 389 2615 tout
403 2560 510 2615 reeents
525 2567 552 2615 et
564 2558 628 2614 d’un
643 2558 677 2614 de
690 2575 738 2614 vos
751 2558 944 2632 compatriotes
955 2556 1030 2612 d’Ar·

101 2637 206 2714 pinum.

137 2727 261 2785 Manuos
278 2727 333 2784 Eh!
356 2726 425 2783 mais
440 2728 623 2795 assurement‚
632 2728 661 2800 je
677 2727 768 2784 desire
783 2744 817 2783 ne
839 2726 919 2801 point
936 2742 1029 2800 passer

101 2824 172 2882 pour
190 2816 323 2864 monteur.
354 2807 512 2880 Cependant
536 2825 581 2863 oes
611 2808 748 2864 certaines
774 2825 841 2880 gens
872 2806 939 2863 dont
963 2823 1029 2863 vous

100 2888 202 2961 parler,
218 2888 306 2956 Titus,
319 2886 487 2944 l'entendent
501 2887 555 2944 mal
573 2888 606 2943 de
622 2887 770 2957 reclamer,
788 2888 858 2943 dans
876 2896 948 2943 cette
968 2904 1028 2942 con·

97 2967 237 3040 jonoture,
251 2967 278 3024 la
291 2967 406 3024 veracite
421 2984 476 3024 non
490 2985 540 3042 pas
554 2967 618 3023 d'un
639 2969 730 3043 poete,
746 2968 816 3024 mais
834 2968 899 3023 d’un
916 2967 1027 3023 temoin.

100 3047 131 3104 Je
151 3065 184 3104 ne
202 3047 282 3105 doute
302 3065 351 3122 pas
365 3065 418 3120 que
438 3048 478 3104 les
500 3050 602 3104 memes
617 3065 684 3121 gens
698 3066 731 3104 ne
754 3047 843 3104 soient
865 3048 1028 3103 convainous

100 3145 153 3201 que
168 3127 254 3184 Numa
269 3127 456 3184 s’entretenait
475 3144 540 3185 aver
559 3115 670 3201 Egerio,
685 3135 713 3184 et
726 3129 811 3202 qu’un
831 3127 904 3200 aigle
925 3128 976 3184 mit
993 3142 1028 3182 un

100 3207 203 3265 bonnet
214 3206 310 3283 poimu
324 3225 372 3264 sur
385 3209 480 3265 latete
494 3209 527 3264 de
542 3208 672 3282 Tarquin.

137 3297 269 3362 Qutnrus.
289 3296 319 3353 Je
338 3313 406 3352 rous
426 3296 598 3372 comprends,
615 3313 678 3352 mon
697 3296 785 3365 frere;
807 3304 900 3353 autres
921 3296 1024 3365 sonte

101 3384 177 3434 rotre
192 3375 259 3447 aris,
283 3377 325 3434 les
338 3374 389 3431 lois
404 3377 437 3432 de
454 3376 599 3445 l’histoire,
614 3385 707 3433 autres
722 3376 807 3432 celles
825 3376 858 3432 de
874 3377 901 3433 la
920 3376 1025 3451 poesie.

137 3457 260 3515 tianeus
276 3455 338 3525 Oui,
361 3454 478 3528 puisque
502 3465 562 3515 tout
584 3455 653 3512 dans
673 3454 747 3514 l’une
770 3473 801 3513 se
819 3457 982 3530 rapportee
1001 3456 1028 3512 la
