2316 4080
306 313 415 369 ruilus
432 321 485 370 DES
504 319 578 369 LOIS.
608 320 700 370 LIVRE
716 322 735 368 1.
958 317 990 368 55

57 432 154 494 reliquo
168 435 274 484 sermoni

59 500 199 560 nostrisque
214 497 373 560 disputationi

60 571 109 618 quo
119 557 160 630 jus
171 560 252 620 possit

58 620 153 670 facilius
168 622 275 696 intelligi

59 696 114 730 esse
127 683 238 745 positum
251 699 277 733 m
290 688 376 736 natura

58 745 93 793 De
104 760 152 808 quo
163 760 220 794 cum
234 747 318 797 dixero

58 820 192 869 perpauca,

59 871 217 919 tumveniam
229 871 309 936 adjus
323 872 403 936 civite,

60 945 91 980 ex
110 947 159 1004 quo

59 1008 139 1044 omnis
153 996 208 1044 hoee
222 997 301 1046 oratio

59 1059 97 1105 est
111 1062 178 1107 nata.

88 1119 389 1182 xlii.Qu1nrus.Tuvero

61 1181 156 1231 scilicet

58 1257 112 1354 {Eam
125 1258 256 1308 perpauca.

80 1305 142 1378 niis
155 1309 224 1357 enim
239 1321 293 1371 quae
309 1309 404 1369 dixisti,

62 1369 124 1416 mihi
142 1370 242 1431 quidem
254 1375 320 1420 certe
332 1372 436 1431 videtur,

60 1430 145 1480 neseio
159 1431 249 1491 Attico,

58 1491 100 1556 jus
115 1507 170 1542 esse
192 1498 272 1544 ortum
290 1510 319 1544 ex
339 1502 435 1548 natura.

91 1556 261 1606 dimensio
293 1558 354 1608 ossit

60 1618 141 1668 videri
155 1619 229 1668 aliter
240 1573 312 1682 miii,

61 1694 117 1754 eum
133 1681 189 1730 haec
198 1681 250 1745 jam
264 1683 371 1745 perfecta
378 1684 437 1746 sint,

60 1757 168 1806 primum
176 1757 221 1793 nos
231 1759 285 1794 esse
294 1745 427 1797 instructos

61 1808 86 1854 et
102 1809 205 1855 ornatos
216 1807 360 1859 muneribus

62 1868 180 1930 deorum

61 1931 170 1980 secundo
183 1936 268 1982 autem
282 1934 346 1994 loco,

61 1994 187 2043 rationem
205 2009 280 2045 unam
292 2010 346 2047 esse

62 2056 195 2105 hominum

60 2131 358 2183 paremcommunemqne

61 2181 162 2230 vivendi
178 2181 243 2231 inter
253 2184 335 2247 ipsos;

63 2243 154 2315 deinde
168 2257 253 2295 omnes
266 2248 387 2297 contineri

61 2310 167 2356 interae

62 2369 170 2431 quadam
186 2367 339 2434 induigentia

63 2435 89 2479 et
100 2432 276 2482 benevolentia
292 2433 407 2493 naturali,

63 2498 118 2543 tum
136 2497 212 2543 stram
225 2494 344 2545 societate
355 2496 427 2559 juris.

63 2557 124 2616 Quae
139 2570 197 2607 eum
212 2559 408 2608 concesserimus

63 2630 196 2681 esserera,
291 2650 300 2661 ·

64 2685 142 2740 reete,
155 2687 184 2731 ut
195 2682 310 2744 arbitror,

64 2743 106 2816 qui
123 2744 194 2793 nohis
213 2745 272 2794 licet
281 2745 334 2809 jam

64 2819 197 2870 seiungere
209 2821 224 2856 a
238 2812 326 2857 natura

65 2869 73 2916 l
105 2882 132 2918 es
147 2872 172 2919 et
183 2868 259 2932 jura?

122 2941 214 2982 ancus.
225 2934 299 2983 Recte
309 2927 382 2994 dieis,

64 2996 90 3041 et
103 3007 144 3043 res
158 3008 184 3044 se
199 2995 273 3044 habet
287 2995 331 3046 sic.

65 3056 155 3106 Verum
180 3071 249 3106 more

65 3118 275 3192 philosophorum,

67 3193 115 3230 non
131 3184 231 3244 quidem
343 3203 345 3209 ·

66 3243 166 3294 illorum
181 3248 293 3297 veterum

67 3307 110 3355 sed
118 3321 205 3357 eorum
220 3309 262 3370 qui
272 3309 441 3358 instruxerunt

67 3369 139 3430 quasi
151 3369 264 3420 oiiicinas
276 3371 415 3434 sapientie,

67 3444 124 3493 quae
139 3433 200 3482 olim
215 3432 404 3496 disputabantur

67 3493 123 3544 inse
135 3507 165 3544 tc
176 3494 263 3557 libere,

460 436 554 484 lereste
568 434 601 484 du
608 435 720 484 discours

459 503 484 547 et
496 497 586 548 deuoret
595 501 666 547 notre
681 497 827 558 discussion,

460 560 524 609 airn—
542 561 702 623 ue-parddle
719 562 784 610 droit
795 561 878 624 puisse

459 625 515 685 pius
525 576 667 673 iacilement
681 624 733 672 etro
746 623 852 685 compris

459 685 529 734 avoir
541 686 581 734 e'td
598 685 669 748 place
683 686 744 734 dans
755 686 780 735 la
793 689 890 734 nature.

461 749 507 797 Sur
519 749 577 810 quoi
606 750 671 798 nand
681 746 769 810 j'aurai
785 746 822 796 dit

461 763 706 872 mwQOm‚

460 873 561 936 alors-ie
574 873 684 923 viendrai
695 887 727 921 au
739 872 806 921 droit
816 870 883 931 civil,

462 937 553 997 duquel

462 1002 516 1046 tout
530 1012 559 1048 ce
573 999 683 1047 discours

463 1061 555 1110 estne.

493 1123 558 1172 XIII.
577 1124 697 1182 Qumrus.
711 1120 888 1172 Toivraiment

464 1200 495 1234 en
511 1185 570 1234 edet
691 1211 693 1216 ·
890 1183 994 1241 [choses.

466 1249 494 1297 tc
513 1262 541 1297 as
557 1245 572 1297 d
586 1247 639 1297 dire
657 1247 810 1296 maintenant
827 1243 877 1293 tres
894 1259 942 1308 peu
964 1245 995 1292 de

464 1312 509 1360 Gar
523 1309 618 1370 d'aprds
633 1324 663 1359 ce
678 1324 725 1372 que
737 1313 763 1358 tu
772 1323 799 1357 as
811 1307 857 1367 dit,
968 1313 970 1318 ’

464 1373 541 1422 tmoi
555 1374 588 1421 du
601 1372 682 1420 moins
696 1376 775 1421 certes
792 1371 810 1418 ii
827 1369 917 1432 parsit,

462 1435 488 1497 je
502 1449 533 1483 ne
548 1434 598 1482 sais
608 1435 646 1483 s’il
654 1435 741 1497 parcit
760 1435 774 1481 a
787 1433 891 1490 Atticus,

465 1499 488 1545 le
505 1497 571 1545 droit
583 1497 636 1544 etro
652 1498 712 1545 sorti
725 1497 790 1544 dela
805 1499 901 1543 nature.

464 1562 580 1609 Atticus.
595 1559 750 1620 Est-cequ’il
760 1556 873 1620 pourrait

464 1621 572 1683 paraitre
586 1625 723 1670 autrement
735 1621 750 1670 d
763 1619 824 1678 moi,

465 1685 570 1746 puisque
583 1683 635 1732 ceci
651 1698 665 1731 a
682 1682 738 1747 ddja
750 1682 790 1732 tte
802 1680 888 1740 earn,

466 1747 568 1795 d’abord
584 1760 645 1795 nous
658 1746 726 1795 avoir
738 1746 777 1795 ete
791 1743 872 1793 munis

466 1813 491 1859 et
503 1810 577 1858 ornes
591 1809 634 1858 des
645 1809 757 1872 presente

466 1873 510 1921 des
520 1872 607 1933 dieux3

465 1935 521 1997 puis
535 1949 566 1983 en
579 1935 668 1983 second
683 1932 743 1993 lieu,

465 2010 514 2045 une
528 1997 639 2046 maniere
652 1997 745 2058 unique
759 1995 812 2045 dtre

465 2073 514 2107 aux
526 2061 636 2108 hommes

465 2122 568 2183 pareille
580 2128 605 2170 et
615 2135 743 2170 commune

467 2185 497 2233 de
508 2184 575 2233 vivre
588 2188 659 2233 entre
670 2198 733 2245 eux3

464 2248 520 2309 puis
534 2249 589 2295 tous
604 2247 655 2296 etre
669 2246 726 2295 unis

466 2312 536 2357 entre
545 2323 594 2357 eux

466 2385 510 2434 par
524 2384 573 2419 une
586 2369 735 2431 indulgence

467 2438 493 2482 et
503 2446 553 2481 une
565 2431 745 2481 bienveillance
755 2432 884 2488 natureile‚

467 2497 498 2544 de
511 2495 566 2559 plus
581 2495 646 2543 aussi
656 2508 701 2556 par
712 2494 736 2542 la
749 2493 840 2542 societe
854 2494 887 2541 du
902 2491 977 2539 droit.

466 2559 496 2608 Et
519 2556 623 2620 puisque
643 2570 706 2605 nous
731 2570 805 2606 avons
828 2555 933 2604 accorde
950 2567 998 2626 ¹ces

467 2620 520 2669 dtre
534 2619 610 2678 mais,
906 2617 998 2680 [poenis

467 2696 527 2733 avec
542 2682 634 2742 raison,
646 2696 741 2731 comme
752 2681 777 2745 je
792 2693 867 2742 pense

467 2749 591 2796 comment
603 2759 665 2794 nous
677 2745 745 2794 est-ii
759 2744 850 2806 permis
864 2741 999 2791 desormais

467 2810 498 2858 de
511 2809 608 2870 sdparer
620 2809 651 2856 de
665 2810 689 2857 la
703 2813 792 2856 nature

467 2868 765 2921 mmmmm&

497 2935 610 2983 Mantus
623 2933 658 2981 Tu
672 2932 710 2981 dis
723 2931 791 2992 bien,

467 2999 492 3045 et
505 2998 529 3044 ia
546 2998 622 3045 chose
637 3008 664 3042 se
678 3001 802 3056 comperte
811 2994 884 3043 ainsi.

467 3059 529 3107 Mais
544 3059 557 3106 a
570 3060 594 3107 la
606 3056 716 3105 mantare

468 3122 511 3169 des
521 3119 688 3183 philosophes‚

468 3197 518 3231 non
528 3181 675 3231 aurai-dire

468 3247 499 3294 de
513 3258 554 3293 ces
567 3243 675 3303 enciens,

468 3307 531 3356 mais
546 3308 577 3355 de
590 3319 654 3355 ceux
669 3304 710 3368 qui
724 3310 768 3356 ont
782 3307 857 3356 ttabli

467 3384 564 3420 comme
578 3371 621 3419 des
633 3369 732 3418 ateliers
745 3371 775 3419 de
789 3382 895 3431 sogessc,

468 3447 495 3484 cc
511 3433 553 3496 qui
565 3432 682 3482 autrefois
692 3433 752 3481 etait
766 3432 860 3480 discute'

469 3497 663 3547 abondamment
676 3498 700 3545 et
712 3495 853 3551 librement‚
