2316 4080
134 275 136 282 ’
173 301 204 353 rc
496 294 795 349 aerumnosarum
814 299 834 347 1.

210 420 338 475 haricus·
359 415 415 486 Ego
431 430 495 469 vero
508 412 571 468 huic
587 411 678 486 polius
694 413 840 469 assentior.
855 413 923 469 Sunt
938 412 1011 469 enim
1027 414 1108 470 niaxi-

176 505 228 545 mae
250 504 294 543 res
317 487 344 542 in
371 488 423 541 hac
443 484 576 542 memoria
597 493 677 556 atque
701 492 780 540 aetate
800 492 916 540 nostra:
938 493 998 540 tum
1023 495 1109 541 autern

177 559 294 616 hominis
310 557 479 624 amicissimi,
493 556 539 612 Gn.
559 555 689 628 Pompeii,
701 555 796 612 laudes
812 555 972 625 illustrabit,
990 556 1109 613 incurret

178 630 260 688 etiam
275 630 304 685 in
317 629 395 685 illum
407 627 809 701 diripiameluacmorahilcm
825 645 926 683 annum
939 644 1037 696 suum3
1054 646 1109 702 quae

178 704 213 759 ah
226 702 278 758 islo
290 701 361 756 malo
376 696 521 773 praedicari
536 715 627 770 quam,
642 689 823 762 rst‘aiuriffdo
841 700 923 755 Remo
937 707 964 755 et
985 699 1109 755 Romulo.

210 791 340 847 'Manuos
361 787 486 861 intelligo
506 786 633 860 equidem
653 804 727 843 arne
750 786 832 843 istum
846 787 972 843 lahorem
984 789 1043 861 jam
1066 789 1108 844 diu

180 861 323 935 postulari,
340 860 442 927 Attice;
456 875 537 931 quem
549 875 603 915 non
618 874 783 927 recusarem,
796 858 819 914 si
833 859 899 915 mihi
911 858 998 914 ullum
1008 860 1108 916 trlbue·

179 941 257 990 retur
269 949 383 987 vacuum
394 939 499 1004 tempus
511 937 538 986 et
547 929 682 996 libcrum;
695 929 862 1002 nequeenim
875 939 1007 1003 occupata
1018 948 1107 1003 opera,

179 1020 269 1076 neque
288 1003 418 1076 impedito
437 1001 526 1057 animo
547 1017 593 1055 res
618 1009 693 1081 tanta
718 1000 819 1074 suscipi
841 1009 945 1075 potest;
965 1013 1108 1075 utrumque

180 1093 248 1149 opus
262 1083 313 1143 est,
326 1083 353 1130 et
368 1091 431 1130 cura
447 1088 543 1129 vacare
560 1078 587 1127 et
602 1079 721 1144 negotio.

214 1165 342 1219 urricus
372 1161 462 1227 Ouid‘l
491 1159 649 1226 adcelera,
675 1177 736 1232 quae
764 1161 900 1234 scripsisti
921 1160 1002 1234 plura
1028 1179 1106 1235 quam

179 1235 322 1308 quisquam
345 1233 487 1346 qnostris,
502 1230 576 1304 quod
597 1231 647 1286 tibi
662 1233 773 1288 tandem
791 1241 900 1306 tempus
921 1249 1037 1289 vacuum
1060 1233 1109 1290 luit

180 1322 359 1362 concessum.

218 1395 342 1451 lluacus
381 1390 521 1450 Subsicivo
556 1392 681 1466 quaedam
712 1400 835 1466 tempora
871 1392 1023 1461 incurrunt,
1069 1410 1108 1449 aa

184 1483 234 1538 ego
256 1466 346 1540 perire
372 1481 426 1520 non
449 1463 554 1538 patior,
588 1473 627 1535 ut,
655 1464 678 1520 si
708 1463 754 1538 qui
780 1464 839 1519 dies
863 1410 1109 1521 adrusticanium

184 1537 240 1593 dati
267 1537 331 1605 sint,
351 1536 385 1592 ad
411 1552 506 1591 eorum
528 1553 673 1591 numerum
693 1535 941 1605 accommodentur,
961 1552 1024 1608 quae
1046 1537 1109 1591 scri·

182 1607 283 1664 bimus.
311 1607 432 1662 Historia
459 1624 522 1662 vero
546 1625 597 1663 nec
623 1606 732 1662 institui
759 1615 851 1679 potest
878 1606 931 1662 nisi
958 1616 1109 1681 praeparato

183 1680 252 1749 otio,
283 1695 334 1735 nec
354 1678 451 1751 exiguo
470 1686 594 1751 ternpore
619 1678 738 1744 absolvi;
762 1685 862 1750 elego
888 1677 973 1734 animi
992 1678 1109 1753 pendere

217 1877 342 1931 Annuus.
364 1873 434 1929 Pour
448 1872 512 1936 moi,
532 1873 560 1944 je
576 1871 664 1929 serais
679 1872 770 1946 plutdt
782 1873 816 1928 de
832 1882 874 1928 cet
888 1873 960 1941 avis3
979 1892 1026 1930 car
1035 1864 1057 1929 il
1069 1891 1111 1947 ya

182 1957 215 2013 de
228 1954 344 2029 grandes
359 1952 456 2008 choses
468 1952 536 2007 dans
552 1952 593 2007 les
609 1951 694 2007 lastes
707 1951 741 2007 de
756 1960 835 2008 notre
846 1960 944 2026 temps.
955 1953 974 2008 ll
986 1972 1002 2026 y
1013 1971 1110 2028 pourra

181 2036 307 2092 celebrer
318 2051 355 2088 un
371 2032 479 2088 homme
496 2031 542 2106 qui
562 2049 630 2087 nous
650 2041 691 2088 est
714 2032 778 2087 bien
791 2030 867 2101 cher,
885 2033 931 2089 Cn.
949 2033 1081 2108 Pompe'c;
1093 2034 1109 2088 il

180 2121 380 2189 yrencontrera
391 2112 465 2167 aussi
480 2128 528 2167 son
542 2113 639 2179 annae,
652 2129 683 2167 sa
696 2112 787 2167 divine
797 2121 824 2169 et
834 2113 1003 2169 memorable
1016 2115 1108 2181 annee,

179 2204 208 2251 et
220 2193 314 2268 J’aimc
327 2193 418 2247 mieux
431 2191 496 2264 qu’il
509 2207 578 2247 nous
588 2200 696 2247 raconte
705 2191 739 2247 dc
752 2191 833 2249 telles
842 2193 949 2261 choses,
962 2210 1016 2265 que
1025 2202 1111 2251 tontes

180 2274 220 2330 les
236 2272 369 2345 le'gendes
383 2271 415 2327 de
429 2272 529 2328 Remus
545 2279 572 2328 et
587 2271 730 2328 Romulus,

216 2362 342 2420 unicos.
364 2360 395 2417 Je
417 2377 481 2417 sens
500 2361 565 2417 hicn
587 2379 639 2435 quc
662 2362 728 2417 c'est
751 2360 778 2417 la
797 2360 894 2436 depuis
912 2362 1069 2436 longtemps
1087 2364 1110 2418 le

181 2440 279 2500 travail
294 2440 376 2513 qu'on
397 2458 441 2497 me
456 2441 600 2510 demando,
615 2441 729 2512 Atticus,
746 2449 774 2496 et
787 2441 817 2512 jc
839 2458 874 2496 ne
894 2442 947 2513 m’y
964 2442 1110 2499 reinserais

182 2540 242 2596 pas,
251 2521 293 2577 s’il
303 2521 406 2578 m'etait
417 2521 529 2577 accorde
539 2521 657 2594 quelque
670 2528 759 2593 temps
773 2520 808 2576 de
822 2519 901 2576 loisir
911 2530 938 2577 et
950 2522 983 2577 de
998 2522 1108 2589 liberte3

183 2618 231 2658 car
244 2618 274 2658 oe
292 2601 363 2657 n’est
378 2600 451 2674 point
465 2617 514 2673 par
527 2617 564 2655 un
578 2602 665 2673 esprit
678 2600 828 2672 surcharge
842 2600 876 2656 de
892 2602 999 2670 travail,
1016 2604 1110 2675 pre'ac·

180 2683 249 2755 cupd
263 2681 296 2736 de
311 2681 395 2745 solos,
412 2679 496 2752 qu'un
515 2679 538 2734 si
555 2680 644 2752 grand
659 2695 780 2752 ouvrage
801 2688 866 2754 peut
886 2682 942 2737 alre
963 2684 1107 2757 entrepris.
1147 2702 1149 2724 ι

181 2761 203 2816 ΙΙ
215 2778 232 2833 y
245 2761 304 2816 faut
318 2760 390 2815 deux
403 2758 509 2826 choses,
526 2759 602 2831 point
617 2758 651 2814 de
667 2757 757 2815 soucis
769 2767 797 2815 et
810 2760 886 2833 point
898 2760 1045 2818 d'allaires.

217 2851 341 2906 Annuus
364 2847 431 2904 llais
451 2864 517 2902 vous
541 2863 604 2902 aven
629 2847 696 2902 e'crir
720 2848 780 2921 plus
800 2848 934 2921 qu’aucuu
947 2850 1072 2919 Romaiu,
1085 2858 1110 2906 et

180 2936 329 3064 ppqqipqnp
345 2927 517 3000 d’ouvrages,
531 2928 622 3000 quand
635 2927 704 2984 donc
717 2945 783 2983 vous
798 2927 870 2984 a·t·il
889 2929 933 2985 ete'
948 2929 1037 2987 donne
1050 2931 1110 3004 plus

221 3097 348 3154 Manuos,
381 3097 422 3154 On
445 3105 512 3171 peut
534 3097 651 3154 derober
675 3096 806 3170 quelques
826 3095 950 3167 instante,
977 3106 1004 3154 et
1020 3100 1048 3172 jc
1072 3099 1109 3155 les

184 3179 275 3237 salsis.
293 3181 345 3238 Par
358 3180 491 3254 exempla,
509 3180 532 3237 si
549 3182 576 3255 Je
599 3181 660 3255 puis
676 3197 781 3254 gagner
802 3180 934 3255 quelques
951 3183 1030 3254 jours
1044 3199 1110 3257 pour

182 3265 251 3323 aller
272 3264 289 3321 a
308 3264 335 3321 la
355 3281 515 3338 campagne,
537 3266 566 3339 je
588 3283 697 3322 mesore
722 3282 770 3322 sur
788 3264 849 3322 leur
869 3267 985 3323 nombre
1008 3285 1039 3324 ce
1060 3283 1109 3341 que

180 3347 209 3419 je
241 3362 311 3402 veux
341 3343 438 3400 scrire.
469 3345 537 3401 llais
568 3344 701 3402 l’histoire
733 3361 767 3400 ne
796 3354 864 3418 peut
891 3345 1109 3422 s¹entreprendre

182 3442 247 3482 sans
267 3423 346 3482 loisir
367 3424 475 3494 assurt,
499 3424 528 3480 ni
550 3424 689 3481 s'achever
711 3440 746 3480 en
764 3440 818 3498 peu
835 3425 869 3482 de
883 3434 987 3501 temps;
1007 3428 1110 3501 aJ'outez
