2316 4080
183 282 211 332 72
464 283 503 332 DE
519 282 657 332 LEGIBUS.
680 279 769 331 LIBER
788 278 807 329 l.

181 417 235 455 non
250 398 390 471 magister,
409 415 461 453 non
475 405 566 470 poeta,
582 414 635 453 non
650 413 731 453 scena
750 396 892 469 depravat,
915 411 971 450 non
991 395 1102 451 multitu·
1147 418 1148 421 ¹

182 470 253 526 dinis
268 487 417 525 consensus
436 470 545 525 abducit
566 486 667 524 avero.
690 469 723 524 At
743 485 808 523 vero
828 465 926 522 animis
944 483 1041 522 omnes
1054 476 1102 522 ten·

182 543 283 597 duntur
297 540 405 596 insidiae
420 541 461 594 vel
475 541 509 596 ab
523 541 566 608 iis,
581 557 648 621 quos
664 539 743 595 modo
760 538 926 605 enumeravi,
943 538 990 610 qui
1005 548 1102 594 teneros

183 621 211 668 et
225 612 307 667 rudes
320 629 383 667 rum
400 619 573 685 acceperunt,
590 611 714 666 inliciunt
728 620 753 666 et
768 610 889 678 flectunt,
904 617 934 664 ut
949 609 1056 676 volunt,
1069 609 1103 664 vel

181 683 216 738 ab
229 701 271 752 ea,
289 701 350 755 quae
363 682 469 755 penitus
482 683 510 738 in
526 682 599 738 omni
614 699 696 737 sensu
711 681 848 754 implicata
862 680 973 750 insidet,
984 680 1103 738 imitatrix

180 753 255 822 honi,
270 755 403 827 voluptas,
421 754 555 810 malorum
576 761 667 809 autern
681 761 768 809 mater
787 751 917 820 omnium,
938 753 1019 824 cujus
1035 752 1103 807 blan·

180 825 253 881 ditiis
269 826 400 898 corrupti,
416 843 477 898 quae
492 833 589 880 natura
602 825 674 880 bona
686 831 756 893 sunt,
775 824 839 898 quia
853 823 1000 880 dulcedine
1017 823 1067 879 hac
1081 831 1101 879 et

180 897 272 952 scabie
289 905 393 965 carent,
405 914 459 953 non
475 904 587 952 cernunt
602 896 677 952 satis.

214 976 307 1032 XVIII.
336 976 476 1049 Sequitur,
501 984 531 1032 ut
559 976 685 1031 conclusa
713 975 780 1031 mihi
804 974 862 1047 jam
886 974 946 1030 haec
966 972 1003 1031 sit
1028 973 1104 1031 omnis

181 1047 275 1116 oratio,
290 1047 319 1102 id
333 1047 406 1121 quod
420 1055 482 1104 ante
497 1046 590 1102 oculos
605 1064 637 1102 ex
651 1047 685 1102 iis
700 1055 748 1117 est,
766 1063 827 1119 quae
849 1046 918 1101 dicta
933 1054 1007 1114 sunt,
1031 1054 1057 1102 et
1065 1047 1104 1118 jus

181 1125 207 1174 et
222 1136 300 1175 omne
314 1119 456 1174 honestum
470 1136 519 1174 sua
533 1125 629 1191 sponte
643 1135 703 1174 esse
719 1118 917 1192 expetendum3
934 1116 1039 1172 etenim
1054 1135 1103 1174 om-

180 1207 228 1245 nes
240 1189 290 1244 viri
306 1191 370 1245 honi
383 1190 469 1263 ipsam
489 1190 646 1261 aequitatem
668 1199 695 1246 et
715 1189 761 1261 jus
779 1190 867 1262 ipsum
887 1197 989 1257 amant,
1005 1206 1056 1244 nec
1071 1197 1104 1244 est

178 1260 229 1316 viri
242 1261 306 1316 honi
320 1278 412 1317 errare
422 1268 449 1316 et
468 1260 594 1333 diligere,
609 1260 683 1333 quod
696 1276 746 1333 per
759 1278 788 1316 se
802 1276 856 1316 non
873 1259 906 1315 sit
918 1260 1103 1328 diligendum

178 1348 272 1405 perse
287 1332 371 1404 Igitur
382 1333 428 1406 jus
449 1338 491 1387 est
505 1332 685 1404 expetendum
700 1339 727 1387 et
741 1332 899 1397 colendnm;
923 1331 998 1403 quod
1021 1332 1045 1387 si
1055 1331 1103 1403 jus,

180 1403 263 1458 etiam
276 1403 402 1475 justitia:
419 1403 461 1466 sin
480 1420 522 1470 ea,
546 1403 661 1476 reliquae
686 1419 795 1476 quoque
814 1402 928 1458 virtutes
951 1419 1002 1475 per
1025 1419 1054 1458 se
1068 1419 1103 1458 co·

178 1474 268 1530 lendae
281 1484 355 1531 sunt.
371 1474 459 1539 Quid‘l
474 1475 627 1531 liberalitas
642 1474 794 1546 gratuitane
808 1481 850 1530 est
865 1491 899 1529 an
917 1473 1104 1530 mercenaria?

179 1546 202 1601 si
219 1545 278 1602 sine
294 1547 407 1619 praemla
432 1546 567 1619 benignus
595 1554 646 1616 est,
674 1545 812 1618 gratuita;
841 1544 864 1600 si
889 1562 952 1601 cum
969 1544 1104 1612 mercede,

179 1767 213 1806 ne
238 1756 300 1806 sont
324 1767 374 1823 pas
399 1749 532 1823 depravds
559 1766 609 1822 par
624 1749 672 1805 des
691 1758 814 1821 parents,
842 1766 896 1805 une
919 1749 1104 1818 nourrice,un

178 1832 286 1898 maltre,
306 1847 345 1885 un
360 1828 452 1903 poete,
467 1829 516 1885 des
531 1828 693 1901 spectacles,
715 1829 750 1885 ils
765 1847 800 1885 ne
815 1837 875 1885 sont
896 1845 946 1902 pas
962 1829 1104 1886 detournds

180 1911 217 1964 du
230 1909 287 1964 vrai
300 1925 351 1981 par
367 1908 394 1964 le
406 1916 611 1964 consentement
623 1908 656 1963 de
676 1908 703 1964 la
717 1908 873 1964 multitude.
889 1909 911 1963 A
927 1925 978 1966 nos
997 1909 1103 1983 esprits‚

179 2006 214 2044 au
231 1987 377 2056 contraire,
394 1987 442 2043 des
457 1988 551 2060 pieges
565 1987 599 2043 de
618 1995 693 2044 toute
706 1996 780 2045 sorte
795 1996 855 2044 sont
868 1987 978 2056 condus,
994 1991 1051 2046 soit
1062 2007 1104 2063 par

179 2086 248 2124 ceux
263 2068 326 2124 dont
337 2067 365 2139 je
377 2067 454 2123 viens
469 2067 501 2122 de
518 2068 620 2139 parler,
634 2068 691 2141 qui,
706 2068 749 2125 les
764 2068 907 2124 saisissant
919 2085 1022 2126 encore
1032 2069 1104 2125 hrnts

179 2155 207 2203 et
221 2147 352 2215 llexibles,
367 2146 408 2203 les
423 2146 543 2219 dirigent
559 2155 587 2202 et
605 2148 645 2203 les
659 2148 746 2220 plient
760 2148 776 2204 d
789 2148 851 2205 leur
864 2149 930 2220 gre';
946 2149 999 2206 soit
1019 2167 1067 2224 par
1083 2148 1105 2204 la

179 2226 298 2300 volupte,
316 2227 373 2300 qui,
387 2226 478 2282 habile
493 2227 510 2283 d
523 2227 614 2289 imiter
629 2227 656 2283 le
671 2227 737 2284 bien
758 2227 915 2301 lorsqu'elle
930 2238 976 2286 est
989 2230 1017 2285 la
1038 2229 1104 2285 mere

180 2307 212 2361 de
222 2314 283 2363 tout
295 2306 359 2375 mal,
371 2306 503 2363 s'insInue
512 2308 579 2364 dans
590 2317 650 2364 tous
658 2325 709 2365 nos
717 2325 791 2377 sens,
800 2317 827 2364 et
837 2308 972 2382 s’empare
984 2309 1018 2365 de
1028 2327 1105 2367 nous-

179 2387 303 2443 mdmes:
320 2404 479 2462 corrompus
500 2406 551 2461 par
566 2406 609 2444 ses
633 2405 766 2457 caresses,
785 2405 855 2444 nous
876 2404 912 2443 ne
931 2406 1030 2445 savons
1051 2389 1105 2463 plus

179 2469 351 2524 reconnaltre
365 2468 406 2524 les
425 2468 504 2524 hiens
529 2468 686 2538 veritahles,
707 2485 790 2542 parce
805 2467 886 2542 qu'ils
907 2468 985 2525 n’ont
1008 2486 1058 2543 pas
1080 2485 1106 2525 sa

179 2546 300 2603 douc‘eur
312 2556 338 2603 et
353 2565 402 2604 son
415 2548 535 2621 piquant.

214 2635 304 2691 XVIII.
326 2636 346 2692 ll
363 2637 512 2709 suit,pour
538 2636 611 2692 clore
643 2639 714 2693 enfin
740 2645 814 2694 toute
843 2644 913 2694 cette
935 2648 1106 2712 argumenta·

179 2713 249 2782 tion,
260 2733 291 2770 ce
306 2715 354 2788 qui
369 2714 426 2770 doit
441 2719 499 2770 etre
511 2716 608 2770 visihle
620 2717 702 2790 apres
717 2725 773 2773 tout
785 2734 815 2773 ce
830 2735 883 2790 que
894 2717 943 2790 j’ai
956 2719 1007 2789 dit,
1021 2738 1074 2794 que
1083 2720 1106 2776 le

178 2793 249 2864 juste
264 2802 290 2849 et
302 2811 336 2850 en
351 2793 463 2866 general
476 2794 614 2850 l’honnete
628 2805 689 2852 sont
704 2796 855 2853 desirahles
869 2813 920 2870 par
931 2805 1104 2856 eux-memes.

179 2873 220 2928 En
234 2873 296 2929 effet
311 2874 375 2928 c'est
389 2874 513 2948 l’equite,
529 2875 595 2930 c’est
607 2874 634 2930 le
649 2875 722 2932 droit
733 2892 803 2949 pour
818 2877 972 2949 lui-meme,
983 2898 1037 2953 que
1047 2880 1106 2936 che'·

180 2952 279 3008 rissent
293 2961 353 3008 tous
368 2954 409 3010 les
423 2971 490 3027 gens
506 2954 540 3010 de
553 2954 632 3022 hien;
655 2964 681 3012 et
697 2955 825 3012 l’homme
847 2964 980 3014 vertueux
1000 2977 1035 3015 ne
1048 2967 1106 3034 peut

180 3049 228 3104 pas
250 3049 278 3087 se
298 3041 421 3108 tromper
433 3034 461 3090 ni
476 3034 562 3091 aimer
581 3052 612 3090 ce
627 3036 674 3109 qui
695 3054 729 3092 ne
749 3037 833 3093 serait
853 3037 928 3110 point
947 3039 1107 3095 reellement

180 3110 305 3167 almable.
322 3113 358 3168 Le
379 3114 450 3170 droit
471 3121 512 3170 est
529 3115 598 3171 donc
613 3132 684 3189 pour
704 3115 845 3172 lui-meme
860 3116 941 3189 digne
964 3119 1048 3175 d’etre
1065 3136 1105 3174 re-

180 3191 296 3247 clrerche'
305 3200 331 3247 et
339 3195 456 3262 cultive'3
471 3212 501 3251 ce
517 3196 563 3268 qni
574 3203 616 3251 est
631 3197 688 3252 vrai
704 3197 741 3252 du
752 3195 824 3252 droit
836 3196 939 3252 l’estde
953 3197 980 3253 la
991 3200 1105 3270 justice3

181 3279 218 3341 et,
230 3288 281 3343 par
295 3271 373 3341 suite,
390 3279 480 3330 tontes
494 3275 534 3331 les
550 3284 641 3333 autres
655 3285 748 3332 vertus
763 3276 873 3331 doivent
887 3277 962 3332 aussi
977 3282 1035 3334 dtre
1051 3278 1106 3333 cnl-

180 3351 266 3407 tivdes
281 3369 350 3426 pour
364 3352 562 3411 elles-memes.
577 3357 615 3410 La
624 3356 770 3424 liberalite,
782 3373 833 3428 par
848 3357 983 3430 exemplo,
1000 3357 1105 3413 est-elle

181 3431 298 3504 gratuite
309 3449 344 3488 ou
358 3434 544 3489 mercenairel
559 3434 585 3489 Si
599 3451 633 3491 on
646 3437 713 3492 rend
728 3436 833 3492 service
841 3453 905 3512 sans
919 3437 1104 3510 recompenso,
