2316 4080
103 307 135 360 tl
405 309 446 359 olt
464 309 604 362 LEGIBUS.
631 311 719 361 nmen
735 310 754 360 l.

102 423 250 493 conducta3
266 440 316 482 nec
328 432 370 482 est
381 424 505 495 dubium,
521 425 588 502 quin
602 426 635 496 is,
653 425 700 499 qui
722 424 847 481 liberalis
862 420 1018 500 benignusve
1052 451 1064 484 o

73 571 76 577 ,
102 504 211 573 dicitur,
224 504 353 574 cilicium,
367 523 422 563 non
436 506 554 562 fructum
575 511 724 581 sequatur;
745 522 811 579 ergo
836 505 908 568 item
929 505 1019 580 justitio
1054 515 1064 581 ἕ

44 648 48 656 ,
102 583 169 639 nihil
184 585 286 659 expetit
305 585 427 658 premii,
446 584 515 642 nihil
530 585 632 660 pretii;
656 602 707 659 per
727 601 757 642 se
779 584 865 659 igitur
886 587 1018 661 expetitur.
1053 578 1059 608 ‘

102 663 258 737 Eademque
274 665 393 722 omnium
405 665 536 722 virtutum
550 682 632 722 eausa
646 673 728 739 atque
739 666 878 723 sententia
893 675 945 723 est.
1052 662 1064 726 l

138 744 225 817 Atque
257 745 354 814 etiam,
385 745 409 801 si
436 746 635 815 emolumentis,
661 762 718 802 non
754 752 853 820 suapte
888 747 915 803 vi
949 745 1020 803 virtus
1053 764 1064 798 u

102 825 248 897 expetitur,
262 842 318 884 unc
331 825 384 882 erit
395 826 493 895 virtus,
518 843 581 899 quae
602 823 707 882 malitia
727 825 881 882 rectissime
906 827 1019 895 dicerem

101 912 132 960 ut
146 903 217 960 enim
232 905 347 979 quisque
361 905 477 962 maxime
498 905 533 962 ad
552 922 631 963 sunm
644 905 816 962 commodum
831 907 929 977 refert,
957 923 1019 980 que·

102 1001 218 1057 cumque
232 985 297 1058 agit,
320 987 363 1053 ito,
378 985 489 1042 minime
513 994 555 1042 est
574 985 616 1042 vir
637 985 725 1042 honus
741 1004 748 1040 ι
765 992 805 1053 ut,
833 986 882 1060 qui
906 986 1019 1044 virtutem
1053 992 1064 1049 'l

102 1142 153 1200 Ubi
167 1145 239 1201 enim
258 1144 407 1214 beneficus,
424 1145 448 1201 si
461 1162 543 1201 nemo
565 1144 679 1202 alterius
700 1162 782 1202 causa
803 1145 926 1220 henigne
946 1145 1019 1204 inciti
1054 1141 1063 1173 r

102 1223 149 1280 ubi
161 1232 266 1297 gratus,
284 1224 309 1281 si
326 1242 380 1281 non
403 1241 467 1281 eum
492 1223 581 1299 ipsum
602 1233 718 1282 cernunt
738 1224 820 1299 grati,
837 1226 884 1282 cui
912 1227 1020 1284 referunt
1062 1224 1064 1237 ¹

101 1304 239 1376 gratiam?
250 1305 299 1363 uhi
320 1304 368 1361 illa
381 1312 473 1361 sancto
487 1304 615 1376 amicitia,
631 1305 655 1362 si
674 1322 729 1362 non
743 1306 802 1379 ipse
821 1305 930 1364 amicus
943 1323 989 1383 per
999 1321 1031 1377 sc
1061 1329 1064 1361 o

102 1391 207 1440 amatur
225 1392 282 1442 toto
302 1391 424 1459 pectore,
444 1392 475 1442 ut
498 1384 619 1442 dicitur?
643 1384 692 1459 qui
710 1384 792 1442 etiam
814 1386 983 1444 deserendus
1001 1391 1020 1440 et
1055 1389 1064 1423 ²

102 1463 272 1536 abjiciendus
292 1472 343 1535 est,
366 1465 517 1539 desperetis
541 1465 732 1522 emolumentis
759 1475 785 1522 et
806 1464 963 1537 fructibus3
980 1481 1019 1539 quo
1054 1478 1064 1552 l·

102 1544 169 1616 quid
180 1552 270 1618 potest
283 1545 338 1602 dici
351 1545 519 1602 humanius?
540 1545 617 1611 Quod
632 1546 655 1602 si
674 1544 794 1602 amicitia
808 1563 861 1619 per
875 1563 907 1604 sc
924 1545 1020 1604 colende
1055 1563 1061 1611 ι

103 1631 154 1694 est,
169 1625 286 1683 societas
301 1642 411 1700 quoque
424 1625 567 1683 homiuum
582 1633 608 1683 et
623 1625 765 1699 equalitas
780 1631 809 1682 et
819 1626 933 1700 justitie
943 1644 989 1703 per
999 1640 1019 1681 se
1055 1639 1064 1712 ξι

103 1793 155 1851 elle
170 1801 214 1852 est
222 1792 360 1868 gratuite;
377 1793 399 1851 si
418 1793 473 1851 elle
485 1793 579 1851 attend
591 1811 630 1850 un
643 1793 753 1863 salaire,
768 1793 822 1851 elle
838 1812 870 1852 se
889 1797 970 1854 vend.
982 1792 1020 1852 llul
1055 1784 1064 1863 ζ

102 1873 186 1930 doute
198 1891 251 1949 que
266 1873 396 1930 l'homme
414 1872 496 1947 digne
511 1873 560 1930 des
574 1890 652 1931 noms
666 1874 701 1931 de
712 1874 811 1933 liberal
826 1882 855 1931 et
870 1874 1020 1943 ‹lehienlci
1055 1890 1060 1946 :3

103 1961 165 2010 sent
179 1969 214 2009 ne
235 1953 311 2012 suive
325 1953 352 2009 le
366 1953 471 2021 devoir,
484 1960 512 2010 et
531 1969 587 2010 non
605 1953 632 2011 le
652 1955 743 2028 profit.
757 1953 831 2011 lliosi
847 1955 876 2012 la
887 1957 986 2030 justice
996 1969 1020 2010 ne
1054 1953 1064 1988 r

102 2033 250 2090 recherche
265 2033 300 2090 de
312 2034 401 2089 meme
416 2049 505 2089 cucun
518 2033 592 2106 prix,
606 2050 695 2091 aucun
710 2034 826 2103 salaire3
840 2034 897 2093 elle
914 2044 956 2094 est
965 2036 1020 2093 lom
1055 2016 1064 2114 Ξ

101 2110 514 2187 rechercheepourelle-meme.
525 2113 627 2170 Toutes
636 2114 676 2171 les
688 2121 782 2171 autres
790 2122 887 2174 vertus
895 2124 957 2175 sont
966 2115 1019 2172 drus
1056 2142 1064 2175 t

103 2191 129 2249 le
145 2195 234 2250 meme
248 2209 305 2250 cas.
1056 2202 1064 2223 ‘¹

137 2273 171 2329 Et
188 2272 381 2344 d‘ailleurs,si
406 2272 434 2330 le
447 2280 526 2331 vertu
541 2281 582 2331 est
608 2274 775 2332 recherchee
797 2291 871 2349 pour
888 2294 936 2336 ses
957 2290 1020 2335 cun
1056 2266 1064 2351 ξ

4 2416 5 2421 1
100 2359 177 2428 teges
190 2361 217 2411 et
231 2371 285 2412 non
296 2372 349 2430 par
360 2354 432 2414 suite
445 2354 518 2412 desa
530 2371 632 2430 propre
641 2362 748 2420 nature,
764 2354 784 2411 il
798 2355 843 2431 n'y
855 2374 927 2416 cura
935 2356 1019 2433 qu'uue

101 2433 176 2492 seule
190 2442 270 2493 vertu
283 2437 350 2493 dont
363 2435 390 2492 le
401 2435 460 2493 vrci
472 2451 536 2492 nom
546 2434 630 2492 serait
644 2435 831 2493 malinisance.
847 2436 891 2494 On
903 2448 947 2496 est
960 2435 1020 2494 d’cn·
1058 2452 1064 2487 ι

100 2521 160 2572 tant
173 2515 263 2573 moins
279 2515 390 2574 homme
404 2516 439 2573 de
453 2515 518 2573 hieu
534 2532 588 2590 que
601 2514 657 2572 l’on
671 2523 802 2590 rapporte
816 2515 972 2593 davantege
988 2529 1021 2572 ses
1058 2514 1064 2573 ἓ

102 2595 206 2652 actions
220 2595 237 2651 t
251 2595 368 2652 l'interet
381 2613 387 2650 z
399 2595 427 2651 le
438 2594 516 2651 seule
526 2602 615 2663 ventu,
630 2611 701 2670 pour
712 2612 782 2651 ceux
794 2595 881 2670 quita
896 2599 1022 2656 mesment
1059 2587 1064 2673 ξ

100 2672 162 2731 tce
177 2674 277 2749 qu’elle
291 2681 430 2748 rapporte,
446 2691 509 2731 sere
527 2673 598 2731 donc
616 2675 644 2731 la
664 2673 850 2733 mallaisance.
868 2676 913 2736 Oh
925 2686 1021 2736 trouver
1059 2690 1064 2734 r

102 2754 214 2827 enueffet
227 2770 265 2810 un
285 2751 397 2809 homme
412 2752 590 2823 bienfaisent,
608 2753 782 2827 sipersonne
795 2773 830 2812 ue
849 2758 921 2814 renel
934 2754 1021 2816 service
1060 2764 1064 2835 ᾗ

99 2848 170 2905 pour
184 2831 299 2889 l'cmour
312 2832 450 2890 d’autrui‘l
462 2832 505 2891 Oh
516 2840 629 2890 trouver
642 2852 679 2891 un
691 2834 800 2892 homme
814 2838 1020 2896 reconnaissent
1061 2842 1064 2903 ἶ

100 2912 124 2968 si
139 2913 166 2969 le
178 2913 403 2971 reconnaissance
416 2930 451 2970 ne
467 2912 603 2970 s’adresse
618 2931 667 2988 pas
680 2919 696 2969 t
710 2914 736 2972 lc
750 2931 888 2988 personne
899 2920 987 2976 meme
997 2912 1022 2970 dc
1061 2906 1064 2984 ξ

100 2990 172 3049 celui
185 2992 202 3051 l
216 2993 264 3068 qui
277 2993 330 3052 elle
344 2993 412 3052 offre
423 3010 468 3051 ses
483 2993 589 3051 actions
603 2995 636 3051 de
649 2995 766 3069 greces?
782 2994 825 3053 Oh
839 3005 955 3056 trouver
965 2993 1022 3055 enfil
1061 2992 1064 3046 ἑ

101 3079 173 3130 cette
192 3073 281 3132 sainte
300 3075 403 3144 amitit,
427 3073 533 3131 sinous
550 3074 683 3131 n'aimons
702 3074 766 3150 plus
787 3085 869 3134 notre
890 3079 947 3135 cmi
969 3087 1022 3152 pour
1060 3077 1064 3156 ξ

99 3149 243 3210 lui-meme
254 3153 287 3210 de
302 3157 365 3214 toret
374 3158 459 3213 notre
472 3169 559 3224 coecr,
572 3171 678 3212 comme
688 3173 724 3212 on
736 3154 795 3212 ditl
805 3155 825 3211 il
837 3155 939 3216 laudrc
948 3159 1021 3215 mene
1060 3166 1064 3235 ξ

100 3230 353 3302 1'aounu0nner‚1e
380 3235 493 3309 rejeter,
515 3235 656 3311 lorsqu'on
675 3235 738 3292 n’en
758 3236 891 3311 espererc
917 3238 978 3313 plus
1001 3229 1021 3289 ui
1060 3242 1064 3308 ,ιζ

101 3312 184 3386 profit
202 3311 231 3369 ni
249 3321 385 3387 avcntcge
400 3332 408 3370 ε
423 3333 478 3388 que
490 3323 608 3389 peut-ou
629 3314 688 3372 dire
711 3315 745 3371 de
758 3315 822 3389 plus
835 3309 1021 3375 monstrueuxl
1060 3316 1064 3369 l

100 3388 1021 3470 llcissil’emitiemeriteperelle-memed’etrecultivee,lasocilto'
1059 3389 1064 3421 l

103 3472 153 3532 des
172 3473 307 3543 hommes,
321 3472 455 3547 l’egnlito,
472 3473 500 3533 le
509 3475 618 3548 justice,
634 3483 695 3533 sont
711 3475 786 3534 ιιιεεί
796 3475 951 3536 desirchles
964 3484 1021 3552 pour
1059 3449 1064 3535 ἶ
