2316 4080
164 247 194 297 26
462 246 501 293 DE
519 243 648 294 LEGIBUS.
662 244 748 293 LIBER
770 244 791 293 l.

164 381 194 420 cc
209 364 243 420 de
266 362 377 437 optimis
398 360 505 434 legibus
524 359 651 433 disputat,
668 358 707 414 sic
724 373 773 413 nos
793 357 864 412 inter
883 356 933 413 has
955 358 1086 431 proceris·

163 436 245 492 simas
267 434 383 507 populos
405 432 434 487 in
455 431 537 486 viridi
558 446 643 502 opaca
662 447 698 485 ue
717 430 778 503 ripa
799 429 1012 498 inambulantes
1036 437 1086 485 tun

162 515 253 562 autem
266 504 425 573 residentes,
439 519 593 575 quaeramus
606 447 703 556 iisdem
711 500 745 555 de
755 500 838 556 rebus
849 500 955 574 aliquid
967 501 1084 568 uberius,

148 586 246 650 'quam
261 576 376 631 lorensis
390 591 457 630 usus
473 573 628 630 desiderat?

196 650 323 704 Armcos,
344 646 400 719 Ego
415 662 480 701 vcro
496 645 549 701 ista
562 643 658 700 audire
673 641 762 716 cupio.

196 720 318 774 lltncus.
337 717 405 782 Quid
419 716 456 772 ait
469 714 609 781 Quintus?

196 789 331 854 Qomrtls.
353 788 430 844 Nulla
444 787 477 843 de
488 804 519 842 re
533 786 632 858 tnagis.

196 861 317 917 Melicos.
338 859 372 915 Et
386 865 459 915 recte
472 857 593 932 quidem.
614 857 679 912 Nam
696 856 735 912 sie
755 855 893 925 habetote,
910 857 985 912 nullo
999 857 1028 911 in
1043 874 1084 930 ge-

158 949 223 986 nere
240 930 401 1004 disputando
419 946 499 1004 posse
518 929 557 984 ita
575 927 711 1003 patelieri,
726 928 792 1001 quid
811 929 846 984 sit
868 928 972 984 homini
991 937 1084 984 natura

158 1002 300 1070 tributum,
314 1010 444 1075 quantam
455 1000 508 1055 vim
521 1016 613 1055 rerum
630 1016 650 1055 o*
665 999 795 1054 limarum
806 1015 882 1055 mens
894 999 1015 1055 humano
1026 1017 1083 1055 oon·

158 1073 253 1142 tinent,
266 1073 342 1155 cujus
362 1071 483 1128 muneris
497 1070 603 1127 colendi
626 1017 814 1143 efficiendique
836 1087 917 1126 causa
936 1071 993 1125 nati
1016 1078 1043 1125 et
1057 1071 1082 1125 in

156 1143 247 1200 lucem
262 1144 328 1199 edrti
340 1144 437 1213 simus
459 1159 522 1215 quae
537 1141 572 1197 sit
592 1141 744 1213 conjunctio
761 1142 911 1209 hominum,
927 1158 990 1214 quae
1005 1150 1080 1197 natu·

156 1215 223 1271 ralis
238 1215 352 1271 societas
366 1216 437 1271 inter
455 1214 547 1287 ipsos;
563 1212 606 1268 his
622 1212 694 1267 enim
708 1211 858 1286 explicatis,
873 1213 933 1269 lons
947 1212 1042 1284 legum
1056 1220 1081 1268 et
1114 1257 1116 1263 ,

130 1277 224 1360 ”ljuris
235 1286 352 1342 inveniri
367 1293 465 1359 potest.
987 1328 990 1336 .

190 1359 313 1415 llrrrcos.
338 1357 395 1412 Non
420 1372 522 1429 ergon
562 1356 668 1411 raetoris
694 1354 793 1421 edicto,
813 1362 844 1410 ut
863 1354 989 1427 plerique
1011 1371 1080 1410 nunc

156 1445 245 1502 neque
264 1447 279 1484 a
301 1427 445 1484 duodecim
469 1373 595 1497 lahaim,
608 1435 639 1482 ut
665 1427 835 1499 superiores,
852 1426 902 1481 sed
920 1427 1031 1500 penitus
1050 1443 1078 1481 er

153 1498 249 1556 intima
263 1499 437 1573 philosophia
457 1498 637 1555 hauriendam
658 1497 729 1570 juris
753 1496 924 1570 disciplinam
939 1506 1030 1623 putas.

190 1571 313 1628 hlnncos.
333 1570 390 1626 Non
411 1570 483 1626 enirn
503 1570 531 1626 id
553 1569 703 1644 quaerimus
718 1569 769 1623 hoc
788 1584 923 1637 sermone,
962 1567 1077 1642 omponi‚

152 1643 380 1713 quemadmodum
394 1658 537 1699 caveamus
552 1642 660 1714 injure,
672 1647 719 1696 aut
729 1637 795 1712 quid
805 1639 839 1694 de
848 1656 956 1712 quaque
970 1637 1077 1695 consul-

151 1835 306 1891 meilleures
327 1834 393 1901 lois;
417 1851 496 1903 nous,
515 1843 593 1891 entre
607 1851 653 1891 ces
674 1834 755 1891 hauts
774 1834 923 1909 peupliers,
944 1851 993 1891 sur
1007 1843 1076 1891 cette

149 1906 207 1963 rive
221 1906 310 1981 pleine
324 1906 357 1961 de
371 1906 486 1962 verdurc
502 1906 576 1962 etde
600 1906 748 1974 lralcheur,
762 1909 872 1962 maltres
892 1906 908 1961 d
930 1915 1009 1962 notre
1027 1907 1075 1978 gre'

150 1977 183 2032 de
206 1995 274 2033 nous
298 1993 491 2050 promenerou
511 1978 545 2033 de
564 1993 633 2033 nous
656 1977 771 2043 osseoir‚
789 1995 857 2033 nous
881 1977 1075 2032 recherchions
1106 2027 1110 2034 .

152 2049 291 2105 ensomhle
314 2064 362 2104 sur
376 2064 407 2102 ce
428 2048 499 2120 sujet
518 2047 635 2121 quelque
649 2049 731 2104 chose
745 2048 806 2103 d’un
820 2065 874 2122 peu
888 2047 949 2121 plus
962 2047 1076 2120 prolond

153 2136 205 2191 que
218 2136 252 2174 ne
265 2119 291 2174 le
305 2119 470 2174 demandent
486 2119 526 2175 les
540 2119 652 2175 hesoins
665 2120 702 2175 du
715 2119 852 2175 harreau‘?

184 2193 306 2245 Armeno.
328 2190 399 2246 Pour
409 2190 474 2257 moi,
481 2191 509 2262 je
522 2190 579 2246 suis
589 2191 733 2264 impatient
744 2190 777 2246 dc
787 2196 852 2247 vous
864 2189 1007 2248 entendre.

184 2260 309 2316 linricus
330 2261 387 2326 Que
401 2261 441 2317 dit
454 2261 587 2326 Quintus?

184 2331 318 2395 Quintus,
342 2331 407 2388 Rien
423 2350 513 2389 neme
528 2332 616 2408 plaira
628 2331 789 2405 davantoge.

185 2402 310 2459 illucue.
332 2403 365 2461 Et
380 2421 447 2461 vous
466 2421 531 2460 aven
550 2404 655 2472 raison3
672 2421 718 2460 car
739 2420 817 2478 soyez
839 2405 901 2459 sdrs
923 2403 1074 2477 qu’eucune

148 2474 273 2546 question
295 2491 328 2530 ne
350 2476 484 2532 decouvrc
503 2493 568 2532 aveo
587 2474 650 2548 plus
665 2474 762 2530 d'eclat
777 2492 807 2531 ce
826 2475 873 2548 qui
890 2492 905 2530 a
921 2476 964 2530 ete
985 2474 1073 2530 donne

147 2561 198 2615 par
212 2544 238 2599 la
250 2554 346 2601 nature
362 2546 378 2601 i
392 2546 530 2616 l’homme,
544 2546 635 2618 quelle
647 2546 753 2602 infinite
768 2546 961 2602 d'excellentes
976 2546 1073 2602 choses

89 2680 92 2693 ‚
146 2615 281 2671 renferme
294 2617 374 2673 l'dme
387 2617 527 2686 humaine,
543 2634 611 2688 pour
627 2617 715 2689 quelle
729 2617 844 2672 mission
856 2625 882 2673 et
898 2634 967 2689 pour
982 2617 1073 2690 quelle

146 2702 239 2741 oeuvre
254 2704 322 2743 nous
335 2704 452 2742 sommes
471 2689 519 2743 nes
533 2695 657 2743 euvenus
672 2687 727 2742 ila
743 2688 869 2753 lumiere,
886 2688 977 2761 quelle
991 2696 1033 2745 est
1046 2688 1083 2744 la·

146 2755 242 2811 liaison
255 2757 304 2812 des
320 2757 442 2813 hommes
455 2767 483 2814 et
511 2756 583 2814 uelle
596 2757 695 2814 societe
705 2757 840 2814 neturelle
853 2768 895 2815 est
909 2767 988 2814 entre
1002 2776 1070 2814 eux:

145 2827 210 2882 c'est
222 2826 258 2895 lt,
267 2844 301 2882 en
312 2829 384 2897 ellet',
397 2845 427 2884 ce
440 2775 509 2901 quq
519 2829 577 2886 faut
588 2829 730 2903 expliquer
738 2847 809 2903 pour
821 2838 930 2886 trouver
938 2828 964 2886 la
974 2847 1071 2887 source

144 2897 192 2952 des
207 2897 258 2953 lois
273 2907 301 2954 et
316 2898 352 2954 du
367 2900 448 2956 droit.

180 2969 303 3025 llrmcos.
325 2969 361 3026 Ge
375 2971 444 3027 n’est
459 2971 529 3033 donc
543 2987 593 3044 pas
611 2971 678 3027 dans
691 2970 766 3028 l’cdit
781 2972 817 3027 du
831 2972 954 3047 preteur,
967 2991 1071 3029 comme

98 3054 99 3060 ¹
144 3046 201 3095 tout
226 3039 251 3095 le
279 3041 377 3098 monde
406 3042 588 3115 aujourd'hui,
620 3043 647 3098 ni
680 3043 749 3099 dans
775 3043 815 3099 les
845 3043 931 3099 douzc
961 3044 1071 3113 Tables,

144 3127 248 3166 comme
266 3127 316 3167 nos
330 3113 451 3181 enciens,
472 3114 542 3169 meis
567 3131 603 3170 au
625 3115 683 3170 sein
706 3117 793 3170 meme
807 3115 841 3170 de
856 3114 882 3170 la
896 3114 1070 3191 philosophie

144 3198 196 3255 que
212 3198 277 3236 vous
291 3181 359 3238 allen
374 3184 467 3257 puiser
481 3184 508 3240 la
521 3186 628 3242 sciehce
644 3186 680 3241 du
694 3186 773 3242 droit.

179 3252 301 3309 disocus.
323 3253 394 3310 C’est
406 3272 458 3327 que
474 3273 541 3313 nous
552 3275 587 3313 nc
600 3257 816 3313 rechercherons
831 3273 880 3331 pes
892 3256 938 3321 ici,
954 3257 1070 3333 Pompo-

142 3323 214 3390 nius,
232 3324 273 3380 les
286 3341 398 3398 moyens
412 3327 446 3381 de
461 3343 530 3383 nous
545 3328 674 3384 deiendre
688 3344 722 3384 en
736 3326 817 3392 droit,
829 3329 858 3383 ni
878 3328 917 3384 les
937 3329 1070 3400 reponses

141 3394 206 3451 d’un
220 3395 374 3453 consultant
388 3414 436 3454 sur
448 3404 539 3455 toutes
555 3400 597 3455 les
611 3399 722 3472 espdces
736 3398 782 3472 qui
796 3399 834 3455 lui
847 3407 908 3456 sont
922 3402 1067 3458 soumises.
