2316 4080
107 316 137 368 aa
407 314 447 364 on
463 282 596 366 nuoreus.
619 312 709 363 unua
725 314 745 364 1.

134 432 265 506 ¹lllncus.
286 427 398 503 Reanri
408 426 517 502 placere
533 425 682 506 terminos,¹
692 441 759 498 quos
772 425 901 482 Socrates
916 427 1027 500 pegerit‚

106 511 195 585 iisque
208 527 316 585 parere.

143 593 274 658 Quirinus.
295 587 438 660 Praeclare,
449 590 544 658 frater,
554 589 612 661 jam
622 604 718 645 uunea
728 595 756 643 te
770 587 856 643 verba
871 596 1030 662 usurpantur

107 671 195 732 civilis
204 671 276 745 juris
291 679 319 728 et
330 671 434 743 legum,
454 687 508 743 quc
521 670 555 726 de
567 685 669 742 genere
684 675 810 741 exspecto
824 667 1029 742 disputationem

107 759 198 820 tuam;
214 769 274 827 nam
290 752 345 808 ista
360 751 470 826 quidem
487 766 588 823 magna
602 748 760 822 dijudicatio
777 755 829 816 est,
842 758 874 804 ut
890 765 923 804 ex
936 757 963 805 te
978 749 1028 822 ipso

106 849 179 906 sepe
194 832 316 906 cognovi.
334 830 387 889 Sed
400 838 476 887 certe
490 829 530 887 ita
542 847 587 886 res
599 847 629 886 se
644 829 737 896 hahet,
750 838 781 884 ut
791 845 824 884 ex
834 837 934 885 natura
947 828 1028 885 vivere

107 930 242 969 summum
256 912 360 970 honum
375 911 419 982 sit,
437 911 467 968 id
481 918 533 980 est,
550 910 607 967 vita
620 908 727 967 modica
740 916 767 965 et
780 919 845 982 apta
857 909 961 966 virtute
974 925 1028 984 per·

105 992 171 1059 frui,
186 1000 234 1049 aut
247 1001 373 1050 naturam
394 991 473 1065 sequi
492 999 520 1048 et
540 989 601 1062 ejus
620 990 701 1064 quasi
722 988 785 1062 lege
807 988 912 1058 vivere,
936 989 965 1045 id
985 998 1025 1056 est,

106 1071 185 1141 nihil,
210 1082 343 1146 quantum
367 1073 395 1128 in
416 1072 480 1146 ipso·
496 1071 541 1139 sit,
557 1070 777 1144 praetermittere,
799 1085 853 1140 quc
878 1069 969 1126 minus
991 1085 1025 1136 ea,

105 1171 170 1227 quae
183 1161 280 1211 natura
291 1153 616 1228 postulet-consequatur,
626 1150 701 1224 quod
713 1149 786 1206 inter
794 1150 852 1206 haec
860 1148 928 1206 velit
938 1149 1026 1206 virtute

106 1243 236 1308 tanquam
254 1234 317 1307 lege
333 1233 434 1290 vivere.
459 1232 631 1305 Quapropter
651 1231 704 1287 hoc
722 1229 867 1303 dijudicari
889 1230 981 1287 nescio
1000 1245 1026 1284 an

106 1329 254 1388 nunquam,
271 1313 319 1370 sed
337 1312 391 1371 hoc
411 1329 539 1369 sermone
553 1319 626 1368 certe
649 1327 704 1367 non
723 1317 824 1384 potest,
840 1309 979 1384 siquidem
994 1307 1024 1376 id,

105 1395 179 1470 quod
192 1395 372 1470 suscepimus,
386 1391 535 1468 perfecturi
548 1408 653 1448 sumus.

139 1474 217 1532 ΧΧΙΙ.
238 1475 368 1532 damona.
390 1474 424 1531 vlt
440 1490 491 1548 ego
506 1473 560 1529 hue
579 1470 759 1541 declinabam,
779 1487 830 1527 uec
853 1471 966 1528 invitus.

141 1556 272 1621 innrus
294 1554 399 1612 Licebit
417 1554 499 1622 alias;
515 1571 588 1610 uunc
609 1551 638 1608 id
658 1568 782 1625 agamus,
803 1553 875 1625 quod
893 1551 1022 1626 coepimus,

104 1653 166 1692 curn
178 1635 329 1710 presertim
345 1634 380 1692 ed
398 1635 426 1692 id
447 1633 517 1693 nihil
535 1632 674 1710 pertineat
692 1632 752 1690 hoec
773 1632 807 1689 de
831 1649 940 1689 summo
964 1630 1022 1688 malo

104 1717 232 1790 bonoque
244 1715 388 1772 dissensio.

139 1930 265 1988 Manuos
286 1929 445 1989 Ordouncns
460 1930 493 1987 de
505 1927 669 1986 rechercher
681 1928 720 1985 les
737 1922 838 1986 borres
852 1945 907 2003 qne
923 1929 1021 1987 Socrate

102 2011 175 2069 avait
186 2010 320 2085 plantem,
336 2010 409 2067 etde
423 2011 462 2086 s'y
475 2010 558 2067 tenir.

138 2101 273 2166 Qnrnrus
292 2100 314 2156 Α
329 2099 478 2170 merveille,
491 2117 555 2157 mon
568 2099 660 2169 frere3
675 2118 742 2157 vous
756 2117 930 2158 commencez
943 2100 958 2158 d
969 2115 1020 2174 par·

102 2180 145 2236 ler
156 2181 182 2236 le
197 2182 312 2254 langage
328 2180 376 2237 des
389 2178 441 2237 lois
454 2189 482 2239 et
500 2181 533 2238 de
546 2179 574 2237 la
582 2180 804 2255 jurisprudence,
823 2198 871 2237 sur
885 2179 1021 2255 lesquelles

100 2260 230 2333 j'attends
242 2262 364 2335 toujours
375 2278 424 2318 vos
438 2261 527 2331 idees3
543 2278 590 2318 car
600 2278 669 2336 pour
683 2269 753 2326 cette
768 2272 847 2318 autre
858 2263 992 2337 question,
999 2259 1020 2332 je

102 2340 174 2398 tiens
188 2342 222 2398 do
237 2359 306 2399 vous
319 2343 448 2416 quec'est
460 2360 515 2399 une
530 2343 634 2416 grande
644 2341 739 2399 affaire
752 2343 767 2398 a
780 2342 901 2398 de'cider.
915 2342 955 2398 lle
969 2337 1021 2415 quoi

103 2421 225 2493 sagit-il,
241 2440 276 2479 en
288 2423 372 2479 ellel?
384 2422 422 2479 lle
437 2423 527 2480 savoir
540 2423 563 2479 si
577 2423 603 2479 le
619 2421 765 2480 souverain
777 2422 844 2478 nien
852 2429 895 2478 est
910 2422 944 2478 de
959 2421 1022 2477 vivre

103 2501 180 2557 selon
192 2501 218 2558 la
233 2511 338 2570 nature,
355 2502 523 2559 c'est·d·dire
539 2503 572 2559 de
582 2503 657 2575 jouir
672 2502 753 2559 d’une
764 2501 902 2558 existence
912 2502 1023 2558 modeste

103 2589 130 2638 et
142 2581 222 2638 d'une
237 2591 317 2640 vertu
325 2582 428 2654 re'glee,
445 2599 481 2639 cu
495 2583 559 2640 hieu
569 2583 603 2639 de
616 2583 707 2640 suivre
719 2582 746 2639 la
757 2590 863 2652 nature,
880 2591 906 2639 et
917 2582 951 2640 de
960 2581 1023 2638 vivre

103 2677 138 2716 en
150 2659 177 2716 la
189 2669 305 2734 preuant
319 2678 390 2736 pour
401 2660 453 2730 loi;
468 2663 634 2719 c'est-ddire
650 2664 683 2720 de
699 2680 733 2719 ne
748 2662 807 2719 rien
825 2655 953 2736 ne'qliger
965 2673 1023 2735 pour

102 2739 172 2797 faire
187 2750 246 2798 tout
261 2758 293 2797 ce
307 2739 409 2809 qu’elle
422 2741 553 2812 reclame,
565 2743 681 2816 puisque
699 2743 755 2800 l'on
769 2751 834 2800 veut
846 2743 922 2800 vivre
936 2761 970 2800 en
981 2738 1023 2797 lai·
1065 2762 1067 2781 =

81 2836 84 2848 ·
103 2828 162 2876 sant
174 2821 208 2877 de
223 2819 250 2877 la
264 2828 343 2877 ventu
357 2837 463 2877 comme
478 2821 511 2877 de
526 2822 554 2878 la
569 2831 666 2879 nature
681 2821 708 2880 la
728 2823 811 2879 loide
833 2823 861 2879 la
882 2824 936 2880 vie.
953 2822 983 2879 le
998 2834 1023 2874 re

103 2899 158 2955 sais
177 2900 200 2956 si
220 2899 279 2957 cela
292 2918 354 2957 sera
371 2901 472 2977 jamnis
488 2900 594 2972 decidi,
616 2902 685 2960 mais
698 2907 839 2960 sdrement
862 2920 894 2960 ce
913 2920 948 2959 ne
970 2905 1023 2976 peut

103 2981 160 3035 dtre
175 2979 242 3036 dans
258 2989 299 3038 cet
313 2981 459 3050 enrretien,
471 2983 508 3040 du
521 2982 609 3039 moins
625 2983 648 3039 si
663 2999 732 3040 nous
747 2978 1023 3040 voulons'acheverla

103 3059 255 3117 discussion
267 3061 301 3117 de
315 3060 341 3118 la
352 3062 479 3137 question
495 3079 548 3136 que
562 3080 631 3120 nous
644 3080 728 3120 avons
742 3064 925 3120 commonete.

137 3149 217 3206 llllll.
238 3152 363 3209 Arruns.
383 3153 455 3210 Ponr
469 3153 535 3224 moi,
548 3154 578 3228 je
597 3153 668 3212 m'en
687 3153 795 3210 laissais
807 3152 958 3210 ddtouruer
971 3164 1024 3209 sans

101 3241 205 3303 regret.

137 3321 270 3386 anrus.
290 3321 364 3380 Nous
377 3341 512 3400 pourrons
523 3325 674 3400 repreudre
687 3341 717 3381 ce
730 3325 861 3398 sujetune
871 3333 953 3381 autre
962 3321 1022 3385 lois;

101 3402 171 3459 mais
181 3400 355 3477 aujourd'lrui
371 3421 504 3461 revenons
516 3421 552 3460 au
564 3405 695 3479 premier,
709 3422 762 3478 que
776 3404 938 3461 n'interesse
954 3403 1024 3477 point

71 3497 73 3504 ·
101 3490 171 3542 cette
185 3482 315 3542 difficulte
328 3500 377 3540 sur
389 3483 415 3542 le
429 3483 553 3559 principe
569 3484 605 3542 dn
618 3484 683 3550 hieu
697 3493 726 3542 et
737 3485 773 3541 du
787 3483 851 3542 mal.
1040 3479 1041 3485 ’
