2316 4080
160 263 190 314 22
332 291 334 296 2
456 259 495 314 ott
511 261 645 314 LEGIBUS.
666 262 756 313 LIBER
775 265 794 314 1.

159 379 338 448 ventitarem3
353 395 442 454 neque
457 395 580 452 unquam
594 378 661 434 mihi
673 379 749 436 visus
760 397 790 436 es
801 380 840 437 itu
856 388 883 438 to
893 380 932 437 ad
946 381 1091 439 dicendum

159 451 324 518 dedissent
340 451 387 522 jus
402 449 479 506 oivile
495 458 693 506 contemneres.

195 522 320 579 blancus
343 523 374 578 ln
396 521 510 594 longum
531 539 688 579 sermonem
711 539 754 578 me
778 539 866 592 vooas,
885 524 987 592 Attice3
1011 543 1092 598 quem

158 604 259 661 tamen,
275 593 325 649 nisi
341 592 455 658 Quintus
470 594 547 654 aliud
564 592 633 665 quid
648 611 698 650 nos
712 611 794 666 egere
808 595 918 664 mavult,
935 596 1090 670 suscipiam,

159 673 196 732 et,
211 665 339 736 quoniam
351 665 427 720 veoui
443 685 547 735 sumus,
564 666 664 723 dicam.

194 735 324 800 (loturus.
346 737 403 808 Ego
427 755 491 795 vero
510 740 632 795 libenter
653 736 801 804 audierim;
824 736 890 808 qnid
912 737 985 793 enim
1011 755 1091 812 agam

23 777 56 922 N
100 785 175 951 >p
196 807 259 875 tius,
278 815 323 863 aut
343 808 438 880 inquo
453 810 550 868 melius
564 811 636 866 buno
650 824 809 864 consumam
820 807 912 863 diem‘i

194 877 317 934 blundus.
339 879 409 944 Quin
430 880 514 954 igitur
535 881 569 938 ad
592 879 641 935 illa
664 879 752 952 spatia
767 887 860 935 nostra
873 880 1009 952 sedesque
1027 899 1090 954 per-

158 964 178 1019 8

179 947 267 1002 imus?
281 949 336 1017 ubi,
363 967 425 1006 oum
449 953 520 1012 satis
542 952 594 1009 erit
613 949 793 1020 ambulatum,
811 949 1027 1024 requiescemus,
1040 970 1089 1008 neo

158 1019 279 1092 profecto
300 1020 377 1077 nobis
391 1022 534 1082 delectatio
550 1021 638 1079 deerit
652 1021 726 1077 aliud
737 1037 770 1076 ex
784 1020 838 1076 alio
849 1023 1047 1093 quaerentibus

193 1091 321 1148 Amicus.
341 1093 395 1149 Nos
418 1111 491 1162 vero,
516 1103 543 1150 et
563 1093 614 1149 hae
633 1093 743 1166 quidem
761 1092 795 1147 ad
817 1091 917 1158 Lirem,
942 1093 964 1148 si
987 1094 1087 1166 placet,

157 1177 208 1244 per
222 1161 310 1244 ripam
322 1171 349 1219 ot
364 1165 499 1222 umbram.
516 1163 568 1221 Sed
580 1165 636 1237 jam
657 1163 749 1220 ordire
768 1162 915 1236 explicare,
932 1181 1037 1237 quaeso,
1057 1166 1088 1220 do

155 1248 219 1304 June
233 1233 305 1288 orvili
326 1235 392 1307 quid
407 1238 519 1293 sentias.

195 1304 321 1361 Mundus.
341 1305 363 1361 E
385 1307 454 1362 oue?
472 1323 591 1364 summos
610 1306 694 1361 fuisse
715 1305 868 1362 incivitate
889 1313 983 1361 nostra
1004 1307 1086 1375 viros,

158 1375 206 1447 qui
220 1374 248 1430 id
260 1323 550 1454 interp’rfflarsspopulo
567 1386 593 1434 et
606 1377 792 1450 responsitare
807 1376 880 1433 soliti
895 1377 961 1444 sint,
977 1377 1027 1433 sed
1042 1395 1088 1434 eos

158 1461 257 1517 magna
272 1447 408 1520 professos
419 1450 448 1505 in
463 1449 556 1532 parvis
572 1466 632 1506 esse
648 1457 779 1504 versatos.
795 1447 864 1512 Quid
879 1449 952 1504 enim
972 1459 1017 1504 est
1028 1457 1088 1504 ton-

157 1523 225 1584 tum,
239 1527 371 1591 quautum
384 1521 430 1592 jus
446 1521 583 1578 civitatis?
596 1519 663 1594 quid
677 1528 768 1575 autem
783 1527 837 1576 tarn
850 1520 989 1591 exiguum,
1006 1538 1088 1593 quam

158 1596 201 1644 est
213 1605 311 1646 munus
328 1589 379 1647 hoc
389 1608 495 1662 eorum,
505 1593 551 1666 qui
561 1591 746 1673 consuluntur,
760 1607 923 1671 quamquam
935 1599 977 1647 est
987 1593 1088 1673 populo

158 1661 363 1718 necessarium?
377 1663 432 1719 Nee
443 1679 509 1720 vero
522 1681 579 1732 eos,
596 1663 643 1737 qui
660 1679 685 1718 er
705 1679 811 1718 muneri
829 1660 1008 1736 praefuerunt,
1025 1681 1087 1717 um-

159 1855 274 1903 souvent
286 1846 359 1904 aussi
373 1847 438 1904 ohez
456 1848 584 1916 Soevola3
598 1856 625 1904 et
639 1848 668 1919 je
690 1864 724 1903 ne
741 1865 807 1904 vous
821 1848 847 1903 ai
860 1847 959 1918 jamnis
972 1866 1007 1904 vu
1022 1865 1088 1905 vous
1125 1863 1128 1869 ·

158 1917 307 1974 devonerd
323 1918 350 1974 la
364 1920 467 1991 parole,
487 1937 521 1977 au
534 1920 610 1992 point
626 1919 660 1974 de
678 1919 804 2044 negliffer
824 1919 850 1975 la
862 1919 1085 1992 jurisprudenoe.

194 1989 317 2046 MARCUS.
339 1988 410 2046 Vous
430 1992 598 2064 m’eugagez‚
621 1990 735 2060 Atticus,
770 2007 819 2046 ans
838 2007 891 2046 une
910 1988 1011 2063 longue
1029 1991 1087 2046 dis-

158 2059 274 2129 cussion,
285 2077 337 2133 que
346 2060 479 2136 suscepte
491 2062 643 2134 oependant
654 2061 681 2132 (d
695 2062 783 2117 moins
796 2079 849 2135 que
860 2061 974 2126 Quintus
987 2063 1086 2118 n’uime

158 2131 248 2186 mieux
272 2147 324 2203 que
349 2149 418 2188 nous
442 2133 561 2188 fassions
589 2141 666 2188 autre
692 2132 797 2203 chose),
826 2141 853 2189 et
876 2132 995 2207 puisque
1019 2151 1087 2189 nous

158 2218 276 2258 summes
292 2202 326 2258 de
339 2201 427 2272 loisir,
438 2205 467 2276 je
483 2203 610 2277 parlerai.

194 2271 327 2336 QUINTUS.
346 2273 511 2332 J’tcouterai
530 2275 689 2331 volontiers.
715 2274 771 2339 Que
792 2273 917 2345 feneis-je
938 2273 971 2330 de
995 2276 1087 2345 prdie'-

157 2343 259 2398 renoe‘?
276 2351 303 2398 et
318 2344 335 2399 d
349 2345 413 2417 quoi
429 2346 598 2420 pourrais-je
613 2345 703 2403 mieux
718 2345 859 2418 employer
871 2362 902 2401 oe
913 2345 996 2417 jour?

187 2414 310 2472 brucus.
320 2415 603 2475 Rendons·nousdouc
610 2418 681 2474 dnos
688 2416 868 2491 promenades
877 2423 904 2472 et
915 2417 986 2472 dnos
997 2416 1087 2489 sieges

159 2487 342 2542 acooutumds
355 2489 400 2554 tt,
411 2490 502 2562 quand
514 2506 584 2544 nous
596 2506 696 2545 aurens
708 2503 783 2544 assez
791 2487 912 2553 marene,
927 2504 996 2543 nous
1006 2505 1087 2560 pour-

157 2571 221 2611 rons
236 2574 302 2614 nous
315 2576 439 2633 reposer,
459 2569 487 2617 et
497 2561 525 2632 je
543 2576 610 2616 vous
623 2566 747 2633 promets
765 2575 817 2632 que
836 2557 956 2614 l’interdt
969 2575 1004 2614 ne
1019 2576 1086 2614 nous

157 2641 307 2700 manquera
319 2647 381 2702 pas3
402 2630 443 2686 les
454 2629 593 2703 questions
606 2637 670 2686 vont
684 2632 772 2686 naltre
783 2629 822 2684 les
833 2646 902 2684 unes
918 2629 967 2684 des
982 2637 1074 2685 autres

194 2698 318 2755 drusus,
339 2700 447 2767 Allons3
459 2717 588 2774 prenons,
598 2700 772 2774 moyen-moi,
783 2717 833 2774 par
842 2699 867 2755 le
878 2700 947 2756 bord
958 2701 992 2755 de
1003 2700 1085 2770 l'eau,

79 2821 83 2828 ,
158 2774 186 2822 et
201 2770 345 2826 nrarchons
364 2770 380 2826 a
399 2770 547 2827 l'ombre...
569 2771 635 2827 Mais
649 2788 819 2827 eommonoez
833 2771 882 2826 dds
894 2771 910 2826 d
922 2771 1044 2844 present,
1057 2773 1086 2844 je

159 2855 225 2892 vous
239 2839 309 2913 prie,
326 2848 352 2896 et
367 2841 522 2899 dites-nous
536 2858 567 2897 ee
582 2859 635 2915 que
647 2858 714 2898 vous
727 2859 826 2915 pensez
838 2841 875 2897 du
887 2842 966 2898 droit.

195 2908 321 2967 Mundus
343 2912 414 2969 lloi‘l
432 2914 461 2986 Je
483 2929 566 2988 pense
580 2913 646 2987 qu’il
661 2931 678 2986 y
693 2930 765 2981 aen,
784 2913 871 2986 parmi
889 2930 938 2969 nos
951 2914 1084 2986 citoyens,

159 2978 208 3036 des
219 2980 343 3038 hommes
357 2985 514 3058 superieurs
525 2983 572 3058 qui
584 2993 631 3041 ont
647 2984 697 3040 tait
712 2984 863 3057 profession
877 2985 1048 3057 d’expliquer
1060 2984 1086 3039 le

159 3050 231 3106 droit
242 3069 278 3107 au
291 3053 395 3126 publio,
409 3064 436 3112 et
450 3056 485 3112 de
497 3057 634 3129 repondre
653 3073 704 3112 eux
719 3055 930 3124 consultations3
947 3056 1015 3111 mais
1031 3072 1084 3128 que

159 3139 204 3177 ees
224 3123 355 3193 hommes,
376 3127 455 3200 apres
471 3127 546 3184 avoir
560 3127 663 3202 promis
675 3127 709 3183 de
724 3126 841 3209 grandes
856 3127 963 3191 choses,
979 3143 1008 3182 se
1024 3134 1085 3183 sont

159 3193 297 3321 emploffes
310 3195 327 3251 a
340 3197 374 3252 de
383 3198 445 3268 ‚tres
459 3200 567 3273 petites.
585 3197 652 3264 Quoi
667 3199 700 3280 de
712 3214 737 3279 ⁸¹.
748 3197 843 3269 grand,
853 3215 887 3253 en
902 3197 974 3265 ellet,
991 3216 1044 3280 que
1060 3197 1084 3251 le

160 3264 232 3320 drort
265 3283 314 3322 ans
327 3284 363 3322 un
374 3269 455 3325 Etat‘l
470 3277 497 3326 et
515 3269 580 3343 quoi
601 3270 634 3327 de
657 3288 680 3326 sr
702 3285 789 3324 minoe
805 3287 859 3341 que
876 3268 903 3324 la
917 3268 1036 3325 fonction
1051 3267 1084 3323 de

159 3335 322 3419 oonsultant,
337 3347 414 3396 toute
432 3340 587 3397 neeessaire
604 3340 703 3413 qu’elle
720 3347 761 3395 est
775 3355 810 3394 au
826 3339 940 3422 public?
961 3357 1085 3413 nonque

156 3424 186 3484 Je
198 3424 347 3483 pensaque
359 3415 422 3467 tous
436 3410 477 3467 les
492 3411 569 3468 chefs
580 3411 614 3468 de
627 3420 698 3468 cette
715 3409 870 3484 profession
886 3410 991 3468 fussent
1005 3411 1084 3467 abso-
