2316 4080
99 307 130 361 40
391 308 430 357 llll
445 306 579 357 LEGIBUS.
598 305 690 356 LIBER
709 309 728 358 l.

134 425 174 482 Er
201 441 254 497 quo
278 423 393 481 efficitur
414 422 493 493 illud,
511 430 542 480 ut
564 422 589 479 is
614 430 747 496 agnoscat
760 423 857 493 Deum,
887 425 946 498 qui,
963 426 1028 482 unde

102 507 179 555 ortus
189 497 233 565 sit,
247 495 325 569 quasi
339 496 501 552 recordetur
511 502 539 551 et
547 501 686 566 agnoscat.
695 494 756 551 Jam
763 513 828 552 vero
836 496 926 552 virtus
937 498 1028 554 eadem

102 569 130 624 in
148 567 259 624 homine
286 584 315 623 ac
337 567 392 624 lleo
406 575 457 636 est,
474 582 562 639 neque
578 565 632 621 alio
648 565 705 622 ullo
718 566 747 621 in
763 584 863 639 genere
879 576 1027 641 pretorem

102 645 143 695 est
155 647 245 695 autem
256 638 343 694 virtus
356 639 425 694 nihil
440 637 514 694 aliud
524 636 577 692 nisi
590 637 714 718 perlecta
728 645 756 694 et
771 639 805 694 ad
821 655 958 695 summum
992 659 1028 696 er-

103 710 184 769 ducta
203 717 315 778 natura3
333 718 375 767 est
388 710 472 783 igitur
493 708 597 765 homin
622 725 684 764 cum
705 708 761 764 Ileo
778 710 940 767 similitudo.
960 659 1028 776 (duod

101 797 163 843 cum
177 782 216 837 ita
231 781 276 850 sit,
285 798 347 854 quae
358 781 469 837 tandem
484 797 544 836 esse
560 786 651 853 potest
663 781 777 854 propior
790 782 1028 856 certiorvecogna·

100 853 159 909 tio‘?
172 853 268 926 ltaque
280 853 316 909 ad
330 853 471 909 hominum
486 850 691 909 commoditates
704 858 730 907 et
744 868 810 908 usus
820 861 926 910 tantam
941 872 1028 910 rerum

101 924 255 980 ubertatem
269 932 368 980 natura
382 923 482 996 largita
496 929 547 991 est,
569 930 599 978 ut
615 938 666 1003 ea„
676 938 739 994 quae
759 924 921 997 gignuntur,
938 925 1029 983 donata

103 995 228 1051 consulto
250 995 337 1065 nobis,
360 1012 414 1052 non
429 993 541 1050 fortuito
557 1000 622 1049 nata
642 992 799 1064 videantur3
816 1012 867 1052 nec
886 997 977 1053 solum
992 1015 1028 1064 ea,

102 1082 163 1138 quae
185 1066 310 1140 frugibus
332 1074 414 1140 atque
441 1065 532 1120 baccis
557 1072 640 1120 terrae
663 1064 721 1120 fetu
743 1066 960 1140 profunduntur,
988 1069 1029 1124 sed

102 1138 184 1193 etiam
207 1139 337 1212 pecudes,
355 1154 422 1210 quas
436 1135 613 1210 perspicuum
632 1143 673 1191 est
694 1137 795 1209 partim
814 1155 875 1194 esse
895 1139 931 1195 ad
955 1157 1028 1196 usun

102 1209 251 1276 hominum,
268 1210 368 1283 partim
393 1208 428 1264 ad
445 1208 576 1278 fructum,
600 1206 703 1281 partim
727 1209 761 1264 ad
781 1210 949 1266 vescendum
971 1228 1028 1285 pro-

103 1289 218 1336 creatas.

136 1353 215 1408 Artes
239 1368 302 1408 vero
327 1349 542 1407 innumerabiles
566 1357 685 1424 repertae
704 1359 768 1407 suut
786 1351 902 1409 docente
920 1361 1028 1422 natura;

102 1439 184 1494 quam
198 1423 303 1480 imitata
315 1423 396 1493 ratio,
411 1439 455 1479 res
466 1421 505 1478 ad
519 1421 605 1479 vitam
615 1421 786 1479 necessarias
808 1423 1030 1482 solerter-conse·

101 1501 165 1551 cuta
178 1504 226 1551 est.
1012 1519 1015 1526 ·

137 1574 183 1631 lx.
206 1575 299 1648 Ipsum
318 1582 412 1631 autem
426 1573 565 1631 bominem
584 1572 681 1630 eadem
701 1580 865 1631 naturauon
885 1575 975 1632 solum
991 1595 1030 1634 ce·

103 1645 211 1701 leritate
231 1646 329 1702 mentis
357 1647 476 1715 ornavit,
500 1645 549 1701 sed
573 1653 602 1701 et
627 1662 727 1702 sensus
751 1652 881 1718 tanquam
901 1649 1030 1706 satellites

103 1717 230 1776 attribuit
239 1734 271 1775 ac
284 1717 406 1786 nuntios,
418 1724 445 1774 et
457 1733 552 1772 rerum
565 1716 747 1790 plurimarum
757 1717 887 1778 obscuras
904 1737 955 1777 nec
971 1721 1030 1777 satis

138 1868 205 1925 lJ'ou
224 1868 244 1924 il
259 1868 364 1925 resulto
377 1885 431 1942 que
448 1885 520 1942 pour
531 1867 673 1938 l'homme,
687 1872 860 1926 recouualtre
875 1871 954 1942 hieu,
970 1873 1032 1929 c’est

102 1951 272 2005 reconnaltre
288 1956 315 2004 et
330 1965 360 2004 se
374 1948 513 2023 rappeler‚
525 1965 560 2004 en
572 1947 691 2023 quelque
706 1956 789 2019 sorte,
811 1949 875 2007 d'oir
889 1952 1032 2009 lui-meme

106 2036 151 2085 est
163 2046 247 2086 venu.
256 2029 294 2084 lle
303 2026 377 2102 plus,
386 2027 413 2084 la
423 2036 504 2084 vertu
520 2036 562 2085 est
577 2028 605 2084 la
618 2031 708 2084 meme
719 2029 925 2087 dansl'homme
935 2041 962 2089 et
975 2034 1035 2090 dans
1069 2078 1070 2083 1

103 2109 181 2179 Ilien,
196 2116 223 2166 et
243 2108 296 2164 elle
318 2108 504 2184 n'appartient
518 2109 534 2166 b
549 2124 655 2164 aucune
668 2116 746 2166 autre
762 2110 860 2184 espdce
876 2112 972 2169 d’etre.
990 2113 1031 2183 Or,
1069 2125 1070 2128 ’

102 2189 130 2245 la
145 2198 224 2245 vertu
242 2188 315 2245 n’est
331 2205 381 2263 pas
400 2197 478 2246 autre
497 2187 579 2245 cbose
599 2205 654 2261 que
669 2186 695 2244 la
714 2196 811 2246 nature
831 2192 1033 2266 perfectionuee

103 2286 137 2324 en
153 2267 319 2340 elle-nene,
335 2278 363 2328 et
382 2269 511 2327 couduite
526 2269 543 2326 a
558 2286 608 2325 son
624 2268 735 2325 dernier
749 2277 848 2327 terme.
872 2272 895 2327 ll
909 2289 927 2346 y
940 2290 956 2329 a
971 2275 1035 2330 donc

102 2366 157 2405 une
171 2350 374 2408 ressemblance
388 2350 421 2407 de
433 2349 564 2407 l’homme
579 2367 646 2410 avec
659 2349 743 2418 llieu3
758 2358 784 2407 et
798 2350 840 2406 s'il
852 2368 887 2407 en
901 2361 943 2409 est
956 2354 1033 2424 ainsi,

102 2429 192 2503 quelle
214 2432 328 2503 parente
343 2432 406 2506 plus
420 2431 519 2488 etroite
532 2438 560 2487 et
574 2429 637 2505 plus
652 2430 794 2486 certaine‘l
808 2431 886 2489 Voili
902 2434 1035 2508 pourqnoi

106 2510 133 2565 la
154 2518 253 2567 nature
272 2529 288 2568 a
309 2511 504 2586 rtpanduune
523 2511 546 2566 si
567 2510 670 2584 grande
689 2508 847 2567 abondance
861 2511 895 2569 de
910 2513 1035 2571 chosesi

104 2589 209 2664 l’usage
227 2599 254 2647 et
274 2608 346 2672 nour
363 2591 390 2646 la
410 2590 575 2646 commodite
595 2590 642 2646 des
662 2589 796 2658 hommes,
813 2608 866 2664 que
886 2601 978 2650 toutes
997 2595 1035 2651 les

105 2669 280 2743 productions
295 2670 329 2725 de
343 2669 370 2725 la
384 2676 480 2725 nature
491 2669 644 2743 paraissent
659 2687 728 2726 nous
744 2671 820 2727 avoir
832 2672 876 2728 e'td
891 2673 1036 2731 donndesl

107 2749 217 2805 dessein
241 2749 330 2823 plutdt
351 2749 457 2823 qu’etre
482 2749 548 2805 ntes
571 2766 620 2822 par
637 2749 748 2819 hasard,
766 2759 794 2808 et
812 2769 866 2809 non
886 2754 1036 2813 seulement

106 2828 190 2885 celles
205 2846 258 2902 que
272 2829 342 2885 livre
354 2827 379 2885 le
395 2829 455 2885 sein
471 2829 505 2884 de
520 2828 547 2885 la
561 2835 636 2886 terre
652 2848 685 2887 en
701 2831 835 2906 vegetam
850 2849 887 2890 ou
898 2852 933 2890 en
947 2818 1035 2906 inuiis,

106 2908 175 2965 mais
189 2924 287 2965 encore
302 2908 342 2964 les
362 2909 490 2965 animatur
509 2911 586 2965 crees
607 2909 790 2967 dridemment
811 2929 882 2986 pour
898 2914 1036 2972 fournird

106 2987 234 3044 l’homme
249 2996 277 3045 et
296 2989 359 3045 leur
375 2989 489 3060 service,
510 2996 537 3047 et
557 2990 620 3050 leur
633 2990 782 3065 depouille‚
797 3000 824 3048 et
835 2993 884 3050 des
899 2994 1035 3053 aliments.

143 3068 216 3138 Puis,
231 3067 280 3124 des
308 3078 364 3126 arts
386 3070 591 3127 innombrables
621 3078 668 3128 out
697 3071 739 3129 dte
766 3073 877 3129 trouves
896 3074 911 3130 d
931 3075 959 3133 la
979 3078 1037 3133 voix

108 3149 142 3204 de
156 3148 183 3204 la
196 3155 309 3218 nature3
323 3158 351 3207 et
361 3151 389 3207 la
402 3151 505 3219 raison,
516 3169 549 3207 en
559 3151 698 3221 limitent,
709 3169 725 3208 a
735 3152 837 3209 obtenu
845 3170 897 3227 par
906 3155 1036 3213 industrie

109 3228 149 3284 les
161 3228 258 3284 choses
270 3229 441 3288 necessaires
453 3232 470 3289 b
485 3231 649 3290 l'existence.

144 3317 187 3374 Ill.
209 3317 296 3383 Quant
311 3323 326 3373 b
339 3318 467 3376 l’homme
486 3321 639 3390 lui-meme,
655 3338 708 3377 noo
724 3322 878 3380 seulement
897 3325 925 3381 la
942 3336 1036 3385 nature

108 3399 145 3455 l'a
157 3398 226 3454 doue
240 3397 273 3454 de
288 3398 416 3457 l'activitd
426 3401 461 3456 de
472 3401 563 3471 l'tme,
575 3402 644 3459 mais
657 3418 756 3460 encore
770 3403 822 3460 elle
833 3403 873 3461 lui
888 3423 905 3461 a
919 3409 1037 3465 attribue

110 3478 158 3536 des
177 3495 249 3549 sens,
265 3479 364 3553 gardes
379 3488 407 3537 et
425 3496 582 3554 messagere
596 3481 702 3554 fideles,
715 3490 743 3541 et
758 3483 812 3541 elle
828 3501 844 3541 a
859 3485 939 3559 place
951 3505 987 3545 en
1000 3489 1037 3545 lui
