2288 4086
293 333 402 394 duellii
418 343 473 394 DES
491 342 569 393 suls.
594 343 684 394 ulvnll
703 345 724 395 l.
947 334 993 396 'ta

56 461 84 508 et
130 458 229 509 osoleo
462 457 546 508 etmoi
557 457 729 523 j'ai-eoutume

57 535 107 584 pen
124 521 165 571 ere
175 521 264 582 animi,
463 521 699 586 d'dtreen-suspens
708 523 818 586 d’esprit,

56 597 115 633 eum
129 585 206 634 semel
463 585 544 644 quand
559 598 607 632 une
619 585 665 633 lois

57 660 128 696 orsus
139 660 196 697 sum
208 644 279 708 quid,
462 646 506 708 j'ai
523 647 665 695 commenee
678 649 781 710 quelque
796 650 879 710 ehose,

56 709 78 758 si
91 710 211 768 traducor
222 708 282 767 alio,
463 707 483 756 si
498 708 524 771 je
538 709 589 758 suis
604 710 741 772 transporte
757 711 864 772 ailleurs,
889 715 996 775 [tompus

58 785 139 834 neque
161 776 268 821 contexo
282 770 420 833 interrupta
462 775 487 819 et
500 771 526 834 je
537 785 569 819 ne
584 785 673 820 renone
684 786 727 835 pas
736 773 772 822 les
786 786 906 838 euprepes
918 775 996 823 inter-

55 837 106 882 tam
119 833 197 884 facile
212 847 286 895 quam
462 832 529 881 aussi
543 834 684 882 iaeilement
698 849 746 896 que

56 897 160 946 abmlvo
177 895 299 945 instituta.
459 895 570 958 j'aeheve
585 897 620 944 les
634 898 796 947 commences.

91 960 210 1008 rtrrrcus.
231 958 282 1007 leta
295 957 374 1007 oratio
497 959 612 1007 Annuus.
630 960 662 1007 Ge
676 958 825 1010 discours-ld

55 1022 169 1085 postulat
181 1019 300 1069 nimirum
462 1020 745 1071 demordeaseurement

55 1083 167 1146 aliquam
182 1082 340 1154 legationem,
462 1081 568 1145 quelque
583 1083 700 1147 legalium

57 1151 101 1219 aut
120 1158 263 1218 quampiam
270 1143 433 1195 cessationem
461 1155 493 1194 ou
505 1145 610 1206 quelque
622 1159 729 1195 vaeauee

56 1209 330 1320 illidamur.
460 1207 662 1318 litterum.
745 1333 749 1341 ‚

87 1335 202 1383 illucue.
219 1333 269 1394 Ego
281 1345 339 1381 vero
495 1334 608 1382 Marcus.
623 1335 688 1381 Pour
702 1346 750 1381 mor

57 1393 311 1455 confidebampotius
459 1393 485 1457 je
499 1395 618 1456 compleris
633 1394 713 1457 plutdt
748 1453 750 1457 Α

55 1457 182 1508 vacationi
195 1456 288 1518 aetatis,
462 1469 504 1504 sur
519 1457 543 1504 le
557 1457 637 1527 conge
654 1457 684 1504 de
693 1456 766 1520 lage,

58 1519 199 1583 presertim
208 1531 265 1568 eum
463 1521 558 1566 surtout
572 1532 675 1580 pursque

56 1597 107 1632 non
123 1593 266 1632 recusarem
461 1579 487 1642 je
502 1594 533 1628 ne
545 1580 649 1628 reiusals
659 1593 702 1643 pas

58 1643 192 1708 quominus
200 1643 374 1706 responderem
464 1642 494 1691 de
508 1643 628 1704 reponere

58 1705 254 1779 considentium,
303 1712 306 1717 “
464 1718 513 1754 aux
528 1705 689 1777 consultante,

57 1771 266 1890 utullus,
464 1766 821 1896 iiis'iiiiiiiissijpiffl

59 1898 84 1944 et
92 1894 213 1956 fungerer
226 1905 329 1941 munere
466 1896 490 1940 et
507 1892 537 1940 de
552 1893 707 1958 m’aequitter
722 1897 753 1945 de
766 1895 790 1944 la
807 1894 915 1945 fonction

59 1959 135 2020 grato
148 1959 223 2027 atque
239 1955 344 2004 honesto
465 1954 580 2016 agreable
595 1959 621 2004 et
635 1957 770 2007 honorable

60 2021 201 2069 senectutrs
215 2030 266 2066 uon
279 2013 373 2065 inertis.
466 2017 537 2064 d'une
551 2015 673 2068 vieillesse
684 2032 735 2068 uon
750 2018 920 2083 impuissante.

62 2081 105 2131 Sie
120 2078 191 2129 euim
466 2077 537 2127 linei
548 2092 579 2127 en
592 2079 649 2129 edet

60 2142 151 2193 liueret
164 2140 228 2192 milri
240 2141 301 2190 dare
466 2141 485 2189 il
499 2141 696 2203 serait-possible
710 2142 725 2191 i
741 2143 792 2192 moi
805 2145 836 2192 de
850 2145 944 2192 donner

62 2207 182 2267 quantum
196 2215 279 2267 operae
292 2203 380 2253 vellem
466 2207 552 2252 autaut
566 2204 597 2252 de
609 2204 663 2254 eoin
677 2220 725 2268 que
738 2205 765 2268 je
775 2205 890 2256 voudrais

63 2272 89 2317 et
101 2267 145 2317 isti
157 2265 196 2315 rei
466 2268 492 2314 et
505 2264 520 2314 i
533 2269 596 2315 cette
609 2269 683 2316 chose

63 2342 138 2392 quam
152 2327 288 2388 desideres,
466 2331 552 2388 quotu
567 2327 671 2388 (lenires,

63 2398 88 2443 et
99 2391 186 2441 multis
199 2390 356 2443 uberioribus
466 2392 491 2436 et
506 2388 520 2435 d
532 2390 658 2452 beaucoup
672 2388 780 2440 d'uutrea
792 2391 848 2454 plus
862 2390 976 2442 fecundes

63 2458 89 2504 et
98 2452 246 2519 majoribus.
467 2454 493 2498 et
506 2452 561 2513 plus
575 2453 690 2515 grandes.

93 2516 135 2566 lv.
151 2516 270 2566 irruens.
288 2515 362 2578 utqui
470 2574 475 2586 ⁸
499 2514 536 2562 lll.
549 2514 666 2585 ¹urricus.
685 2515 806 2564 Pourtant

62 2591 151 2629 vereor
163 2591 199 2627 ne
466 2589 492 2638 Je
506 2589 586 2624 crema
597 2591 645 2640 que

64 2643 233 2691 uemouoseat
246 2639 320 2690 istam
332 2652 439 2700 eausam,
467 2652 592 2701 personne
607 2654 638 2689 ne
649 2640 778 2689 eonneisse
792 2653 820 2689 ee
837 2641 916 2703 motii,

64 2704 145 2766 sitque
162 2701 209 2752 tibi
222 2702 353 2763 dicendum
468 2704 493 2749 et
507 2701 566 2773 qu’il
578 2715 609 2752 ne
623 2707 649 2752 te
663 2703 730 2752 laille
744 2704 827 2767 parler

64 2778 309 2899 ⁸eetmelirfflm’ogisquod
468 2768 743 2899 {otudPailurtsa’ntplusque

10 2946 14 2961 ,
65 2890 168 2941 mutasti
181 2893 285 2952 teipso,
470 2894 496 2938 tu
508 2902 536 2937 as
548 2889 644 2952 change
659 2890 693 2938 tui
709 2889 845 2949 tor-meme,

66 2958 89 3002 et
98 2951 232 3003 instituisti
470 2954 495 3000 ei
506 2964 533 2999 as
547 2952 686 3001 commende

10 3052 26 3065 ..
67 3014 131 3066 aliud
145 3028 226 3078 genus
241 3012 351 3076 dicendi,
470 3018 600 3062 uneautre
614 3014 723 3063 muniere
736 3015 767 3063 de
781 3017 870 3079 parler,

68 3082 102 3138 ut,
110 3077 319 3140 quemadmodum
470 3075 500 3126 de
514 3076 645 3137 sorteque,
657 3089 753 3126 comme

68 3138 184 3202 Roscius,
471 3137 582 3198 Roscius,

70 3205 124 3251 tuus
136 3200 281 3260 familiaris,
472 3206 513 3249 ton
525 3200 582 3260 ami,

17 3276 21 3291 ·
71 3262 94 3312 iu
108 3266 237 3314 senectute
472 3264 533 3310 dans
547 3261 719 3324 savieillesse,

20 3360 23 3369 .
72 3325 199 3376 remiserat
206 3323 443 3387 numerosiueanln,
472 3324 536 3373 avait
551 3325 640 3374 retenti
655 3327 680 3376 la
696 3340 793 3377 mesure
805 3327 867 3376 dans
880 3328 902 3377 le
917 3328 1000 3386 ebant,

21 3390 27 3399 '
73 3387 211 3453 leeeratque
222 3388 297 3439 tibias
310 3387 377 3452 ipsus
471 3392 496 3436 et
510 3387 574 3435 avait
588 3389 667 3439 rendu
684 3389 721 3440 les
743 3389 816 3440 ilites
835 3390 1002 3440 elles-memes

25 3498 33 3515 ,
75 3451 205 3520 tardior-“3
472 3450 631 3513 pluslentes3

29 3566 33 3581 -.
77 3514 149 3563 sustu
472 3510 537 3563 ainsi
552 3512 587 3562 toi
