2316 4080
182 297 213 364 66
484 289 523 338 DE
539 289 670 339 LEGIBUS.
690 289 775 338 LIBER
790 290 811 339 l.

184 411 307 469 voluntas
323 406 425 482 poterit
441 405 593 462 exsistere?
614 422 678 462 narn
695 404 753 462 haec
772 413 922 462 nascuntur
937 424 971 462 ex
991 425 1035 476 eo,
1053 407 1106 480 quia
1139 406 1149 438 '²'

182 501 281 549 natura
294 486 423 562 propensi
438 504 531 543 sumus
551 486 586 542 ad
600 485 754 559 diligendos
769 486 904 555 homines,
926 488 1005 559 quod
1020 488 1105 543 funda·

183 579 305 629 mentum
323 568 394 640 J'uris
413 575 463 624 est.
485 567 579 640 Neque
601 566 689 622 solum
704 566 732 621 in
752 566 877 623 homines
896 567 1045 640 obsequia,
1066 569 1104 624 sed
1139 580 1149 624 j

183 653 264 708 etiam
279 650 307 705 in
328 649 393 705 deos
408 647 575 704 caerimoniae
590 645 793 719 religionesque
807 647 952 713 tollentur,
969 666 1040 722 quas
1061 665 1105 704 non

182 740 267 799 metu,
284 729 334 785 sed
352 745 385 784 ea
405 745 466 799 conJ
460 727 606 795 ',unctione
620 743 682 800 quae
697 734 738 782 est
760 726 866 783 homini
886 743 949 784 cum
966 727 1036 799 Deo,
1053 746 1107 786 con·
1146 732 1149 742 ⁴

184 809 332 868 servandas
345 815 423 881 puto.

157 944 159 949 ,
218 900 284 956 XVI.
305 898 418 963 Quod'
398 916 420 954 ιι
438 896 631 971 populorum
621 895 716 970 Jussis,
732 895 755 952 si
775 896 932 970 principum
947 896 1107 966 decretiss
1090 915 1108 952 ιι
1143 893 1149 913 “

186 978 327 1038 sententiis
339 977 480 1069 judicurnJ'
483 994 533 1032 ura
543 977 785 1044 constituerentur
798 977 844 1048 J'us
856 984 931 1033 esset
944 978 1106 1046 latrocinari3
1145 982 1149 1054 ξ

183 1061 237 1133 jus,
252 1059 423 1115 adulterare·
418 1058 491 1130 ‚J'us‚
505 1063 670 1113 testamenta
685 1056 754 1113 false
766 1073 936 1130 supponere
952 1076 977 1114 ει
969 1058 1051 1116 boec
1065 1057 1109 1116 suf·
1145 1054 1149 1125 ξ

185 1140 281 1212 fragiis
297 1146 343 1195 aut
359 1138 433 1194 scitis
444 1136 624 1232 multitudinis
638 1137 830 1210 probarentur.

184 1301 276 1375 jussis,
293 1306 324 1355 ut
342 1315 435 1355 eorum
458 1296 594 1368 suffragiis
614 1313 706 1352 rerum
728 1304 826 1352 natura
840 1304 983 1366 vertatur,
993 1317 1044 1356 cur
1066 1316 1109 1356 non
1146 1305 1149 1311 ‘

187 1381 323 1448 sanciunt,
338 1385 378 1450 ut,
400 1394 461 1450 quoe
483 1377 554 1432 mala
577 1375 784 1450 pernicioseque
803 1384 881 1438 sunt,
897 1377 1055 1436 habeantur
1072 1395 1109 1454 pro
1147 1407 1149 1436 ε

187 1461 266 1517 bonis
279 1467 305 1516 et
319 1457 509 1515 salutaribus?
529 1464 577 1513 aut
591 1473 650 1525 cur,
667 1473 728 1513 oum
740 1456 785 1528 jus
800 1473 832 1512 ex
852 1455 952 1528 injuria
974 1457 1021 1515 lex
1035 1461 1109 1516 facere
1147 1468 1149 1499 ²

188 1541 285 1615 possit,
300 1540 403 1595 bonum
417 1539 513 1594 eadem
530 1537 620 1594 facere
635 1553 689 1592 non
705 1536 792 1610 possit
808 1553 839 1592 ex
853 1537 950 1593 malo?
972 1540 1056 1614 Atqui
1072 1556 1110 1596 nos

188 1621 278 1694 legem
293 1620 392 1676 bonam
409 1619 514 1676 amala
536 1617 610 1674 nulla
625 1616 679 1672 alia
692 1615 744 1671 nisi
762 1623 868 1673 naturae
885 1633 988 1676 norma
1004 1619 1111 1677 diridere
1147 1655 1149 1699 ;

182 1829 361 1888 'reconnattre
385 1830 423 1883 un
446 1825 578 1882 bienfait‘t
593 1842 640 1882 car
656 1832 748 1882 tontes
765 1828 811 1883 ees
832 1834 925 1884 vertus
944 1829 1069 1895 naissent
1085 1830 1111 1886 de
1147 1829 1149 1874 ἱ

191 1927 269 1976 notre
287 1916 424 1991 penchant
442 1915 549 1971 naturel
567 1913 684 1972 daimer
702 1914 743 1970 les
764 1914 897 1985 hommes,
922 1917 1019 1992 lequel
1041 1927 1079 1977 est
1091 1919 1113 1974 lc
1147 1904 1149 1935 ²

191 2008 349 2066 fondement
366 2004 403 2060 du
418 2003 497 2060 droit.
513 2003 547 2059 Et
569 2020 625 2059 non
639 2001 791 2060 seulement
813 2004 853 2062 les
877 2007 999 2064 services
1021 2008 1110 2066 rendus
1147 2031 1149 2073 ;

193 2115 245 2154 aux
260 2095 382 2152 hommes
396 2092 603 2166 disparaissent,
617 2092 687 2148 mais
702 2110 767 2149 aveo
782 2110 833 2150 eux
844 2094 886 2151 les
899 2096 1072 2156 ceremonies
1084 2096 1112 2154 do
1148 2093 1149 2122 ³

192 2186 265 2242 culte
281 2184 328 2239 des
342 2181 431 2250 dieux,
447 2192 473 2238 et
486 2182 527 2238 les
538 2181 682 2255 religious,
691 2182 738 2255 qui
752 2181 862 2239 doivent
874 2186 934 2240 etre
946 2188 1110 2255 conservees,

193 2277 210 2333 a
224 2290 287 2330 mon
301 2272 368 2341 avis,
383 2289 438 2328 non
452 2288 504 2345 par
517 2271 630 2342 orainte,
646 2271 715 2327 mais
730 2271 746 2328 ι
760 2288 840 2328 cause
855 2272 931 2330 dece
946 2258 1004 2332 lien
1011 2278 1059 2352 qui
1065 2275 1112 2344 unit

193 2366 323 2422 l'homme
335 2379 400 2419 aveo
415 2361 495 2418 Dieu.

228 2452 295 2510 XVI.
317 2451 375 2517 Quo
389 2451 413 2507 si
428 2451 468 2507 les
482 2450 602 2507 volontes
612 2450 660 2508 des
673 2450 798 2524 peuples,
814 2449 854 2507 les
869 2451 978 2509 decrets
990 2455 1041 2512 des
1051 2453 1113 2512 cheb

195 2544 229 2599 de
251 2527 341 2610 l'dtat
362 2541 403 2596 les
426 2546 566 2596 sentences
587 2539 635 2596 des
646 2539 728 2613 juges
741 2539 882 2597 tondaient
897 2540 924 2598 le
938 2543 1026 2615 droit,
1043 2542 1113 2602 levol

196 2631 278 2688 serait
292 2630 326 2686 de
346 2628 434 2696 droitJ
446 2627 602 2697 l'adultere,
622 2628 663 2684 les
684 2629 748 2685 faur
769 2636 928 2686 testaments
947 2634 1071 2690 seraient
1087 2633 1112 2690 dc

196 2719 279 2788 droit,
300 2718 350 2774 dds
368 2716 450 2790 qu'on
464 2716 553 2773 aurait
566 2716 667 2790 l’appui
681 2717 729 2774 des
742 2718 874 2793 suffreges
888 2736 925 2777 ou
936 2721 985 2778 des
1000 2731 1078 2783 votes
1087 2723 1113 2780 de

196 2808 224 2864 la
238 2804 393 2863 multitude.

233 2896 313 2969 S'ilJ
340 2912 357 2951 a
388 2895 455 2951 daus
473 2892 514 2950 les
535 2893 693 2968 jugements
720 2903 747 2952 et
764 2896 804 2954 les
832 2898 958 2956 volontes
978 2901 1029 2960 des
1048 2903 1115 2977 igno·

198 2993 272 3043 rants
288 3001 341 3041 une
353 2985 419 3040 telle
436 2982 552 3040 autorite
572 3001 627 3057 que
645 2985 720 3042 leurs
733 2987 864 3061 suffrages
878 2989 1084 3050 subvertissent
1094 2992 1116 3048 la

197 3083 295 3133 nature
310 3072 358 3130 des
371 3074 479 3144 choses,
493 3073 627 3148 pourquoi
642 3091 675 3130 ne
688 3076 879 3134 decretent-ils
899 3078 949 3152 pas
965 3099 1019 3155 que
1035 3101 1066 3140 ce
1078 3080 1115 3156 qui

200 3173 240 3222 est
259 3163 380 3220 mauvais
395 3172 422 3220 et
435 3163 594 3237 pernicieux
615 3165 668 3222 soit
686 3165 703 3222 b
719 3165 834 3231 l’avenir
855 3174 922 3224 tenu
934 3187 1008 3243 pour
1028 3173 1083 3230 bon
1096 3176 1117 3226 et

200 3252 347 3313 salutairet
362 3259 389 3308 et
409 3253 544 3327 pourquoi
557 3253 585 3310 la
603 3254 652 3325 loi,
672 3255 720 3330 qui
735 3254 768 3311 de
783 3256 904 3330 l‘inJ'uste
927 3269 998 3332 peut
1016 3259 1117 3335 fairele

199 3346 282 3420 juste,
296 3342 360 3399 d’un
369 3342 423 3398 mal
430 3359 463 3399 ne
472 3344 664 3417 pourrait·elle
671 3362 721 3420 pas
731 3345 800 3403 faire
813 3364 851 3403 un
860 3340 948 3406 bieu‘t
958 3334 1040 3411 Aussi
1052 3355 1117 3421 bien,

201 3450 271 3510 pour
285 3431 436 3505 distinguer
446 3448 500 3490 une
513 3432 603 3492 bonne
617 3435 655 3492 loi
667 3435 747 3492 d'une
763 3437 912 3508 mauvaise,
927 3456 1000 3500 nous
1015 3443 1118 3502 n'avonr
