2316 4080
191 329 222 380 30
486 330 524 378 DE
541 327 675 378 LEGIBUS.
692 325 781 378 LIBER
797 329 817 378 1.

190 533 321 592 annecte,
334 522 356 578 si
370 521 468 737 modl,
484 528 515 578 ut
528 521 611 578 iidem
634 521 764 578 definiunt

793 520 837 577 lex
857 528 900 577 est
917 520 990 576 ratio
1015 535 1110 576 summa
1148 577 1150 594 Ι

226 441 316 517 Igitur
328 441 490 498 doctissimis
502 441 568 498 viris
582 441 715 516 proficisci
730 441 835 657 plapuit
848 457 864 497 a
877 439 949 514 lege,
964 439 1044 496 haud
1062 438 1118 496 scic·
1143 432 1154 493 lt

1144 496 1154 541 l

150 621 155 675 J
190 602 272 658 insita
284 600 313 656 in
327 609 426 657 natura
450 618 513 676 quae
522 601 602 691 jubet
616 618 649 657 ea
651 617 735 674 ,quae
750 601 777 657 la
793 600 874 657 ienda
887 607 961 669 suut,
976 599 1110 672 prohihet·
1145 622 1154 665 J

149 700 151 753 ς
190 699 244 754 que
260 681 395 738 contraria
443 681 521 737 adem
537 681 609 737 ratio
626 698 690 737 cum
707 689 749 738 est
766 681 795 737 iu
813 679 931 736 hominis
946 687 1040 735 mente
1060 695 1111 735 con·
1147 683 1154 769 1'¹

190 762 298 817 firmata
312 769 340 818 et
355 761 486 836 perfecta,
500 760 543 816 lex
556 770 607 818 est.

151 863 152 867 ¹
225 835 319 914 ltaque
342 841 511 898 arbitrantur
532 841 708 914 prudentiam
725 858 785 898 esse
802 840 847 914 leg
831 857 901 908 ιιιιιι,
927 839 1007 912 cujus
1025 857 1058 895 ea
1081 838 1112 894 vir
1149 870 1154 913 21

191 920 236 990 sit,
250 929 279 976 ut
293 929 367 978 recte
380 920 586 993 lacerejubeat,
602 928 675 977 vetet
691 921 861 1012 delinquere,
877 937 995 993 eamque
1008 937 1068 976 rem
1081 916 1112 974 illi
1150 945 1154 990 3

173 1058 176 1075 J
189 1017 280 1073 graeco
292 1008 389 1074 putant
401 1001 512 1057 nomine
525 1019 541 1057 a
555 1018 637 1056 suum
656 1003 755 1075 cuique
772 1001 924 1059 tribuendo
944 998 1112 1073 appellatam,
1150 1046 1154 1078 3

1150 1008 1154 1038 l

172 1080 175 1136 f
190 1097 240 1153 ego
254 1088 346 1138 nostro
359 1097 375 1136 a
388 1081 521 1153 lepeodo;
535 1097 598 1136 nam
612 1089 642 1136 ut
653 1079 694 1137 illi
710 1080 855 1154 aequitatis,
872 1081 912 1136 sic
927 1095 978 1135 nos
999 1078 1113 1135 delectus
1151 1082 1154 1146 J'

171 1205 173 1210 .
190 1160 244 1215 vim
259 1161 287 1215 iu
299 1160 361 1232 lege
373 1161 544 1233 ponimus‚et
556 1161 698 1234 proprium
710 1168 801 1218 mmen
816 1168 967 1233 utrumque
983 1158 1056 1233 legis
1068 1165 1111 1214 est.
1151 1157 1154 1225 ξ

190 1241 267 1304 Quod
282 1240 304 1296 si
317 1240 355 1296 ita
369 1248 443 1296 recte
461 1240 570 1308 dicitur,
584 1246 615 1294 ut
631 1240 698 1295 mihi
718 1241 828 1315 quidem
847 1239 1016 1315 plerumque
1035 1236 1113 1295 videri
1152 1257 1154 1286 ι

190 1320 269 1389 solet,
295 1320 392 1392 alege
412 1320 566 1376 ducendum
586 1327 627 1375 est
642 1320 715 1392 juris
741 1320 898 1387 exordium3
921 1336 954 1376 aa
981 1326 1024 1375 est
1050 1317 1114 1374 euin
1153 1323 1154 1400 ]

189 1406 292 1456 naturae
305 1399 355 1468 vis,
372 1417 405 1456 ea
420 1417 497 1455 mens
511 1400 637 1473 ratioque
650 1400 801 1473 prudentis,
816 1416 848 1455 ea
858 1399 931 1472 juris
946 1407 1032 1471 atqua
1048 1397 1112 1470 inju-

193 1479 241 1535 riae
260 1481 365 1554 regula.
382 1479 434 1535 Sed
453 1480 583 1554 quoniam
604 1480 631 1535 in
652 1480 776 1555 populari
794 1479 900 1536 ratione
919 1479 1008 1535 omnis
1031 1485 1115 1534 nostru

194 1569 321 1617 versatur
338 1559 436 1628 oratio,
451 1560 621 1634 populariter
638 1559 775 1616 interdum
793 1559 867 1633 loqui
887 1575 1000 1615 necesse
1021 1557 1082 1626 erit,
1095 1562 1116 1611 et

195 1639 333 1713 appellare
356 1656 417 1697 eam
437 1639 537 1712 legem,
562 1655 624 1712 quae
650 1639 751 1713 scripta
773 1638 869 1707 sancit,
890 1637 964 1712 quod
988 1637 1058 1707 vult,
1076 1641 1116 1692 aut

228 1878 279 1936 lla
292 1878 339 1952 plu
357 1877 373 1934 a
388 1879 421 1934 de
439 1877 496 1934 tres
511 1884 620 1935 savants
635 1878 765 1942 ¹hommes
779 1878 813 1935 de
828 1877 915 1953 partir
930 1877 965 1934 de
980 1877 1008 1934 la
1023 1878 1071 1934 loi.
1090 1873 1117 1932 le

193 1977 228 2015 ne
240 1959 294 2016 sais
312 1958 368 2015 s’ils
383 1956 458 2014 u'ont
471 1975 520 2032 pas
534 1957 599 2014 bien
613 1958 672 2028 fait,
692 1966 798 2016 surtout
816 1959 850 2028 si,
863 1975 968 2016 comme
984 1957 1020 2014 ils
1032 1957 1061 2014 la
1074 1956 1116 2013 de'·

193 2039 325 2109 finissent,
340 2038 368 2094 la
380 2037 416 2094 loi
428 2046 470 2094 est
480 2038 507 2095 la
519 2038 611 2094 raison
622 2041 750 2111 supreme
763 2039 879 2097 existant
890 2040 958 2095 dans
973 2037 1000 2094 la
1013 2046 1115 2104 nature,

193 2119 241 2192 qui
260 2118 381 2175 ordonne
396 2129 426 2174 ce
442 2117 509 2192 qu’il
532 2118 591 2173 faut
611 2117 690 2186 faire,
704 2125 732 2174 ct
750 2118 848 2176 defend
871 2118 911 2174 les
934 2117 1040 2174 actions
1059 2133 1116 2174 cou-

191 2198 300 2254 traires.
316 2198 391 2261 Getta
412 2201 501 2253 meme
517 2196 621 2265 raison,
638 2196 797 2271 lorsqu'clle
812 2197 878 2255 s’est
895 2197 1016 2254 affermie
1032 2205 1060 2254 et
1073 2195 1117 2253 de-

191 2276 323 2352 veloppee
338 2276 405 2333 dans
420 2277 527 2353 l'esprit
541 2277 574 2333 de
589 2276 730 2347 l’homme,
744 2284 786 2334 est
800 2277 828 2334 la
841 2278 889 2334 loi.

227 2357 268 2414 En
297 2358 494 2431 consequence,
517 2358 552 2414 ils
578 2357 706 2414 estiment
733 2374 785 2431 que
816 2357 843 2414 la
869 2372 979 2430 sagessc
1001 2364 1044 2414 est
1070 2370 1118 2412 une

193 2436 230 2495 loi
250 2438 315 2495 dont
333 2438 360 2494 la
372 2447 450 2495 vertu
465 2448 508 2496 est
522 2438 556 2493 de
577 2454 647 2494 nous
661 2438 798 2494 ordonner
810 2436 844 2493 de
864 2437 928 2494 bien
945 2436 1027 2503 loire,
1045 2434 1118 2492 etde

193 2533 263 2574 nous
279 2516 410 2574 deiendre
423 2517 456 2572 de
475 2517 545 2572 faire
560 2516 623 2572 mal.
643 2516 755 2573 Suivant
770 2533 832 2582 eux,
848 2516 915 2573 c’est
932 2517 967 2572 de
989 2515 1119 2588 l’expres·

194 2596 255 2652 sion
269 2613 389 2671 grecque
398 2596 446 2668 qui
459 2596 566 2652 revieut
578 2595 595 2652 a
609 2596 677 2652 celle
688 2595 722 2651 de
733 2596 866 2668 departir
878 2595 897 2653 d
907 2596 1020 2653 cloccum
1033 2610 1063 2652 cc
1074 2593 1119 2666 qai
1152 2632 1154 2644 .

196 2677 239 2733 laci
253 2677 427 2749 appartient,
440 2692 493 2748 que
510 2675 538 2731 la
549 2674 587 2730 loi
603 2675 689 2749 apris
704 2692 753 2731 son
767 2692 829 2733 nom
844 2675 911 2733 dans
927 2684 997 2732 cette
1010 2675 1117 2747 langue.

196 2754 260 2824 lloi,
266 2755 294 2827 J'e
307 2754 378 2811 crois
391 2770 444 2827 que
455 2761 532 2810 notre
543 2760 600 2811 mot
610 2753 683 2809 vient
695 2754 729 2810 de
742 2754 812 2810 celui
826 2755 872 2828 qui
882 2753 990 2828 signifie
1003 2755 1118 2812 aloisii.

197 2833 284 2904 Ainsi,
298 2850 366 2908 pour
381 2852 432 2890 eux
447 2832 473 2889 lc
489 2832 628 2889 caractere
641 2833 675 2889 de
687 2833 714 2889 la
728 2831 766 2890 loi
780 2835 865 2891 serait
879 2834 1003 2907 liquid,
1014 2842 1043 2890 et
1056 2847 1121 2907 pour

198 2930 267 2969 nous
281 2913 307 2968 le
320 2913 413 2982 choium
430 2920 467 2984 et,
478 2913 544 2969 dans
565 2912 590 2968 lc
605 2912 665 2979 leit,
687 2912 743 2969 l'un
758 2923 784 2970 et
806 2914 903 2971 l'autrc
919 2913 1060 2971 caractere
1077 2927 1122 2985 ap·

199 2993 318 3067 partient
331 2993 347 3048 d
360 2994 387 3049 la
400 2993 447 3050 loi.
465 2993 492 3049 Si
507 3000 565 3049 tout
577 2992 636 3049 cela
651 2994 773 3062 esturmi,
789 3011 894 3051 comme
906 2993 964 3066 j’en
977 2993 1036 3050 suis
1051 3007 1122 3050 asser

200 3073 296 3142 d'avis,
308 3073 374 3129 c'cst
388 3073 422 3129 dc
436 3073 463 3129 la
474 3073 511 3129 loi
526 3089 578 3147 que
594 3071 619 3128 le
632 3072 704 3129 droit
718 3073 775 3130 doit
787 3073 855 3129 tirer
870 3090 920 3129 sou
935 3073 1058 3145 origine;
1074 3071 1122 3127 elle

201 3160 242 3208 est
254 3152 281 3208 la
293 3153 368 3209 force
376 3153 409 3209 de
419 3153 446 3210 la
457 3161 564 3224 nature,
576 3153 681 3227 l'esprit
692 3161 719 3210 et
730 3153 758 3208 la
768 3153 861 3210 raison
872 3154 908 3210 du
922 3169 999 3225 saga,
1011 3153 1039 3209 la
1051 3150 1122 3224 regle

201 3234 238 3290 du
244 3233 318 3305 juste
332 3241 359 3288 et
373 3233 406 3288 de
420 3232 548 3306 l’inJ'uste.
563 3232 629 3289 Mais
644 3250 748 3290 comme
758 3241 836 3288 notre
852 3233 976 3289 discours
988 3233 1068 3288 roule
1079 3247 1124 3287 sur

200 3331 239 3369 un
254 3313 324 3386 sujet
339 3312 403 3369 d'uu
417 3313 515 3369 interit
526 3312 678 3387 populana,
689 3329 757 3368 nous
768 3330 862 3369 serens
876 3313 968 3386 ohlige
986 3313 1020 3369 de
1038 3320 1131 3385 temps·

202 3412 236 3450 en
249 3400 337 3468 temps
354 3394 387 3450 de
407 3393 500 3466 parler
514 3409 619 3448 comme
641 3392 666 3448 le
684 3391 793 3467 peuple,
807 3401 835 3450 et
850 3393 990 3466 d'appeler
1004 3393 1042 3449 loi
1059 3391 1125 3449 celle

202 3475 248 3550 qui
263 3474 314 3532 siue
326 3491 376 3549 par
386 3473 455 3531 ecrit
464 3489 494 3529 sa
506 3471 623 3541 tolontc',
637 3472 689 3529 soit
703 3472 804 3546 qu’elle
816 3474 949 3542 ordonna,
964 3473 1018 3531 soit
1027 3470 1124 3548 qu’elle
