2316 4080
100 314 131 369 54
395 322 434 371 DE
451 321 583 372 LEGIBUS.
606 321 695 371 LIBEII
710 321 734 370 I.

100 436 212 491 niuntur
227 434 318 491 omnia
332 435 438 508 reliquo
454 436 576 494 sermoni
598 435 830 518 dIsputationique
849 443 965 504 nostrae,
982 453 1031 508 quo

100 506 208 564 facilius
225 505 271 578 jus
290 507 318 561 in
344 515 440 564 natura
456 526 517 565 esse
538 508 658 582 positum
679 507 796 590 intelligi
811 507 907 580 possit.
926 506 967 562 Ile
982 524 1031 579 quo

101 594 313 658 cum'perpauca
328 577 433 661 dixero,
449 588 508 636 tum
524 580 615 653 adjus
629 579 837 648 civileremam,
854 596 888 634 ex
903 595 961 651 quo
977 579 1032 634 haec

103 666 191 706 omnis
207 657 248 704 est
263 656 326 705 nata
338 659 435 707 oratio.

141 728 208 785 XIII.
235 729 366 794 Quinrus.
393 731 433 786 Tu
459 748 524 787 vero
547 731 604 805 jam
631 746 769 805 perpauca
792 730 907 786 scilicet.
936 729 977 786 Ex
1002 729 1032 784 iis

102 809 190 886 enim,
207 826 268 882 quae
284 808 388 878 dixisti,
405 811 494 868 Attico
514 812 618 880 nescio,
632 810 739 868 videtur
753 810 821 866 milri
834 809 948 883 quidem
964 819 1032 865 certe

105 889 241 937 exnatura
255 889 343 937 ortum
358 899 419 938 esse
431 883 487 956 jus.

137 964 264 1018 Arrrous
284 962 325 1017 An
340 961 408 1018 mihi
424 962 504 1018 aliter
515 962 603 1019 videri
619 961 723 1037 possit?
740 979 801 1018 cum
820 960 881 1018 haec
895 961 956 1034 jam
976 978 1032 1034 per·

101 1033 173 1089 fecta
186 1032 249 1102 sint,
260 1031 380 1106 primum
390 1033 468 1107 quasi
479 1035 640 1090 muneribus
653 1034 768 1089 deorum
781 1050 830 1089 nos
842 1050 904 1089 csse
919 1032 1032 1089 instruc·

101 1112 145 1160 tos
155 1112 182 1160 et
193 1115 319 1173 ornatos3
335 1105 454 1161 secundo
465 1113 554 1161 autem
565 1105 624 1162 Ioco
636 1122 717 1161 unam
731 1121 790 1160 esse
802 1105 947 1161 hommum
966 1105 1033 1160 inter
1071 1108 1073 1125 '

103 1175 176 1248 ipsos
188 1174 298 1231 vivendi
309 1192 404 1248 parem
419 1192 646 1250 communemque
657 1176 809 1243 rationem3
827 1175 927 1231 deinde
943 1192 1032 1232 omnes

102 1245 176 1303 inter
194 1264 223 1303 se
248 1246 366 1303 naturali
386 1247 502 1328 quadum
522 1248 695 1320 Indulgentia
712 1256 739 1305 et
759 1247 965 1315 benevolentia,
980 1255 1031 1302 tum

103 1317 186 1375 etiam
201 1318 332 1375 societate
343 1317 415 1390 juns
430 1318 574 1375 contineri.
591 1320 657 1384 Quae
678 1335 739 1374 cum
751 1335 817 1374 vera
832 1336 895 1375 esse
909 1326 997 1386 recte,
1008 1324 1033 1372 ut

103 1389 234 1457 arbitror,
251 1389 478 1460 concesserimus,
494 1390 540 1464 qui
556 1390 614 1464 jam
634 1391 699 1447 licet
717 1390 797 1447 nobis
812 1407 828 1446 a
842 1398 944 1445 natura
960 1389 1033 1461 leges

104 1469 131 1517 et
141 1460 206 1533 jura
219 1461 386 1535 sejungere?

139 1541 264 1599 Marcus
285 1540 367 1598 Recte
395 1541 472 1611 dicis,
497 1549 524 1598 et
551 1559 597 1599 res
614 1559 644 1598 se
659 1541 701 1599 sio
726 1541 819 1598 habet.
848 1540 952 1596 Verum
976 1538 1032 1614 phi-

102 1611 284 1686 losophorum
296 1630 383 1683 more,
395 1630 449 1669 non
461 1621 585 1669 veterum
600 1613 713 1686 quidem
727 1613 849 1682 illorum,
864 1613 914 1668 sed
930 1629 1031 1679 eorum,

103 1683 150 1811 qui
175 1684 254 1756 quasi
277 1683 397 1740 officinas
416 1684 604 1740 instruxerunt
623 1685 776 1758 sapientiae,
801 1701 863 1756 quae
884 1684 948 1740 fuse
973 1683 1032 1740 olirn

123 1755 317 1829 isputabantur
330 1773 362 1811 ac
374 1754 471 1823 libere,
488 1772 520 1812 ea
535 1772 604 1810 nunc
618 1756 781 1813 articulatim
797 1755 926 1812 distincta
941 1755 1032 1811 dicun-

101 1975 171 2020 'vons
191 1959 324 2034 pre‘parer
337 1957 353 2015 d
366 1959 393 2015 la
418 1957 490 2016 suite
511 1959 545 2015 de
560 1966 638 2016 notre
653 1958 815 2029 discussion,
834 1967 861 2016 et
882 1976 956 2032 pour
971 1975 1033 2015 vous

103 2042 171 2099 faire
184 2042 246 2114 plus
261 2039 396 2095 aisement
408 2039 589 2113 comprendre
602 2057 655 2115 que
670 2039 697 2096 le
709 2040 782 2097 droit
806 2045 848 2095 est
863 2038 931 2096 dans
947 2039 974 2095 la
988 2056 1032 2094 na-

105 2131 175 2179 ture.
189 2119 248 2176 l'en
263 2117 332 2175 dirai
346 2119 478 2193 quelques
493 2127 574 2188 mols,
590 2128 617 2177 et
628 2119 785 2193 j’arrIverai
796 2118 904 2176 ensuite
916 2137 953 2176 au
967 2117 1034 2176 droit

105 2199 177 2269 civil,
195 2200 258 2257 d’od
273 2208 316 2255 est
330 2217 416 2256 venue
425 2207 502 2256 toute
515 2207 586 2256 cette
598 2199 784 2258 dissertation.

139 2287 209 2346 XIII.
231 2289 363 2354 Qumrus.
389 2289 526 2363 Quelques
550 2301 621 2347 mors
648 2297 707 2347 tout
725 2306 760 2345 au
785 2290 862 2363 plus;
896 2306 955 2357 car,
980 2288 1034 2345 d'a·

106 2369 170 2444 pres
185 2387 215 2426 ce
232 2387 285 2444 que
301 2387 366 2426 vous
379 2388 443 2427 avez
455 2371 519 2444 dejn
531 2371 580 2440 dit,
595 2370 699 2428 Atticus
713 2370 771 2426 voit
783 2387 845 2428 sans
860 2369 954 2439 doute,
968 2385 1035 2444 pour

106 2449 172 2519 moi,
185 2449 214 2524 je
227 2450 286 2508 vois
298 2451 335 2507 du
348 2450 434 2508 moins
446 2469 500 2525 que
513 2451 539 2507 le
556 2450 629 2508 droit
643 2458 685 2507 est
700 2451 758 2507 issu
773 2450 806 2506 de
822 2449 849 2505 la
862 2457 974 2506 nature.

141 2540 271 2597 Arrrcus
293 2540 436 2598 comment
446 2539 613 2613 pourrais-je
628 2540 699 2595 m’en
714 2538 1035 2608 delend1·e,maintenant

107 2636 161 2692 que
173 2636 239 2676 vous
252 2637 315 2676 avez
327 2619 411 2676 etahli
426 2637 433 2674 τ
447 2619 570 2689 d'ahord,
582 2637 635 2694 que
645 2636 714 2676 nous
730 2636 858 2687 sommes‚
870 2636 904 2674 en
918 2618 1035 2692 quelque

107 2706 190 2766 sorte,
204 2699 293 2755 munis
308 2705 336 2754 et
349 2699 430 2772 pares
442 2698 492 2754 des
504 2700 631 2773 presents
643 2699 691 2755 des
701 2698 798 2767 dieun3
810 2717 843 2755 en
855 2698 956 2755 second
971 2697 1034 2764 lieu,

107 2795 162 2852 que
177 2778 218 2834 les
236 2779 359 2834 hommes
379 2786 434 2848 ont,
445 2795 514 2853 pour
527 2778 603 2834 vivre
614 2787 692 2836 entre
707 2797 768 2849 eux,
783 2797 839 2836 une
853 2778 932 2851 regle
947 2779 981 2834 de
997 2777 1035 2833 vio

107 2856 222 2930 pareiIle
233 2865 258 2913 et
269 2874 427 2926 comnrune3
439 2858 521 2927 enfin,
530 2876 583 2932 qne
597 2867 659 2915 tous
672 2868 735 2917 sont
743 2859 804 2917 unis
816 2867 894 2915 entre
905 2876 969 2926 eux,
983 2863 1035 2913 tant

107 2953 160 3010 par
174 2955 210 2993 nn
225 2937 280 2994 lien
295 2937 486 3012 d’indulgence
501 2947 529 2996 et
544 2939 578 2995 de
599 2939 797 2996 hienreillance
819 2938 969 3005 naturelle,
986 2953 1035 3011 quc

108 3034 159 3089 par
171 3017 197 3072 la
209 3017 311 3074 societe
322 3020 359 3075 du
368 3019 459 3076 droit‘l
468 3019 554 3094 Aprd's
566 3037 631 3076 vous
643 3020 719 3077 avoir
728 3019 844 3076 accorde
856 3036 922 3075 avec
933 3018 1034 3084 raison,

107 3095 181 3153 selon
209 3098 275 3168 moi,
298 3116 352 3172 que
376 3107 434 3155 tout
456 3101 514 3157 cela
535 3107 577 3157 est
594 3100 663 3169 urai,
687 3107 823 3156 comment
846 3098 1036 3155 serious-nous

107 3175 194 3232 libres
207 3178 241 3234 dc
256 3179 370 3252 separor
384 3180 418 3236 de
435 3181 461 3237 Ia
476 3191 574 3238 nature
586 3181 627 3238 Ies
642 3179 695 3237 lois
710 3188 737 3236 et
751 3179 777 3236 Ie
791 3178 881 3236 droit?

146 3266 272 3327 Manuos.
304 3269 364 3336 Oui,
393 3287 457 3326 sans
487 3271 579 3341 doute,
600 3270 659 3327 cela
679 3279 720 3326 est
739 3269 828 3343 juste3
858 3269 930 3325 mais
963 3269 1037 3327 selon

107 3345 212 3421 I’usage
228 3347 278 3405 dos
296 3347 487 3423 philosophos,
509 3368 562 3408 non
583 3369 632 3426 pas
647 3350 680 3406 de
700 3367 750 3406 nos
770 3348 893 3418 anciens,
916 3349 987 3407 mais
1007 3349 1038 3405 de

109 3445 177 3487 ceux
186 3431 243 3504 qui,
254 3445 327 3505 pour
338 3431 410 3488 ainsi
426 3428 497 3499 dire,
507 3439 555 3488 ont
569 3437 666 3488 ouvert
678 3429 728 3488 des
741 3428 851 3487 ateliers
866 3428 900 3484 de
914 3447 1037 3505 sagesse,

110 3520 169 3571 tout
179 3511 303 3588 cequ’on
312 3511 441 3571 discutait
456 3510 587 3568 autrefois
596 3527 631 3569 en
646 3526 735 3569 masse
749 3519 777 3568 et
785 3508 946 3580 librement,
962 3510 1039 3568 sedit
