2316 4080
109 295 140 345 st
403 290 441 340 ul:
458 289 593 341 hllGlBllS.
618 289 708 339 LIBER
726 289 746 336 Ι.

144 413 270 469 Marcus.
290 409 357 474 Quae
388 404 498 480 quidem
524 404 559 462 nd
585 421 646 462 rem
662 403 809 479 pertineat,
837 419 906 471 nna,
939 402 1036 477 quippe

108 500 170 541 cum
182 480 288 556 antiqui
303 494 393 548 omne,
408 476 482 551 quud
495 478 644 534 secundnm
658 483 784 533 naturam
799 482 884 543 esset,
895 491 954 548 qun
960 475 1036 547 jura-

108 571 202 611 remur
215 553 246 608 in
259 551 324 621 rita,
340 551 443 607 honum
456 566 518 605 esse
533 548 713 616 decreverint,
734 545 780 602 hic
799 545 882 614 nihil,
896 546 952 603 nisi
967 545 1036 620 quod

108 628 251 684 honestum
266 629 349 692 esset,
361 619 466 696 putarit
479 621 590 677 bonnm.

141 706 267 762 Animus.
287 703 400 759 Parvum
419 717 485 758 rero
501 699 715 758 controversiam
736 697 814 767 dicis,
830 705 859 755 at
883 715 941 754 nnn
968 713 1034 765 eam,

107 793 169 852 quoe
184 775 294 832 dirimat
308 773 416 831 omnia!

123 857 268 984 'dlltucus
287 854 375 911 Probe
389 851 501 927 quidem
516 853 644 920 sentires,
656 851 680 908 si
690 869 732 924 re,
748 867 780 908 ac
791 868 846 908 non
859 850 968 920 verbis,
983 850 1034 907 dis·

108 946 131 985 s1
152 935 239 984 erent.

141 1007 209 1064 Xlll.
228 1011 356 1065 Arrlcns.
365 1008 438 1079 drgo
450 1004 591 1062 assentiris
604 1003 735 1062 Antiocho
750 1002 881 1060 familiari
896 1019 961 1060 meo
971 1003 1034 1074 (ma-

107 1080 194 1152 gistro
214 1079 287 1134 euim
305 1094 359 1135 non
377 1077 465 1134 audeo
484 1077 600 1148 dicere),
615 1093 733 1149 quocum
753 1075 818 1144 rixi,
834 1075 928 1149 etqui
950 1092 992 1130 me
1006 1090 1033 1128 ex

107 1150 207 1208 nostris
218 1167 298 1226 poene
304 1148 435 1207 convellit
445 1147 562 1205 hortulis
573 1146 740 1221 deduxitque
752 1147 780 1203 in
792 1146 971 1204 Academiam
978 1162 1032 1220 per·

107 1221 232 1296 pauculis
246 1220 383 1297 passibus.

143 1303 269 1360 Marcus,
302 1300 349 1356 llir
362 1300 414 1356 iste
429 1298 481 1356 fuit
500 1297 547 1356 ille
572 1298 685 1372 quidem
708 1297 831 1373 prudens
846 1305 876 1354 et
899 1305 996 1355 acutus
1009 1304 1030 1352 ct
1065 1284 1067 1305 '

106 1372 135 1429 in
150 1390 199 1430 suo
213 1388 315 1447 genere
329 1371 465 1446 perlectus
477 1370 610 1444 mihique,
622 1378 653 1427 nt
668 1369 732 1438 scis,
748 1369 894 1426 familiaris
906 1387 915 1438 3
938 1369 981 1426 cui
995 1374 1029 1422 ta-

106 1461 170 1501 men
187 1462 237 1518 ego
248 1443 387 1502 adsentiar
400 1442 429 1498 in
441 1441 569 1499 omnibns
578 1459 674 1512 necne,
688 1458 750 1498 mox
759 1440 855 1497 videro
870 1459 878 1510 3
898 1441 953 1498 hoc
967 1438 1027 1505 dico,

107 1516 321 1573 controversiam
335 1522 420 1572 totam
433 1515 515 1570 istam
529 1531 610 1588 posse
625 1513 726 1570 sedari.

141 1597 267 1653 Amicus.
289 1594 342 1660 Qui
354 1595 428 1651 istud
440 1594 550 1651 tandem
560 1593 660 1650 rides‘l

141 1676 269 1733 Mundus.
289 1675 367 1744 Quia,
383 1674 417 1743 si,
432 1682 463 1743 ut
475 1673 556 1732 Chius
571 1671 661 1729 Aristo
673 1672 739 1730 dixit
749 1670 837 1729 solum
847 1673 954 1730 bonnm
964 1687 1023 1736 esse,

106 1747 177 1821 qnod
196 1746 340 1803 honestum
354 1753 438 1815 esset,
458 1744 626 1818 malumque,
647 1743 720 1818 quod
742 1752 832 1818 turpe,
859 1753 966 1802 ceteras
988 1757 1024 1800 ros

140 1940 262 2001 Marcus
283 1940 345 2011 Oui,
372 1957 419 1998 sur
447 1959 484 1998 un
501 1939 561 1998 seul
584 1939 719 1997 vraiment
743 1939 894 1997 essentiel:
916 1940 958 1998 les
983 1955 1022 1995 an·

105 2021 180 2081 ciens
195 2022 301 2080 avaient
320 2021 416 2078 decide
431 2038 485 2094 que
500 2028 560 2077 tout
573 2037 604 2076 ce
620 2020 667 2093 qui
680 2028 724 2076 est
743 2020 822 2077 selon
841 2020 870 2076 la
883 2029 988 2088 nature,
1002 2024 1022 2073 et

105 2103 151 2178 qui
166 2120 235 2160 nous
250 2111 291 2159 est
310 2101 379 2157 utile
394 2101 461 2157 dans
474 2101 503 2157 la
516 2100 569 2170 rie,
584 2109 676 2158 estun
690 2101 764 2157 bien.
785 2101 878 2158 zenon
893 2101 939 2158 n’a
952 2097 1021 2160 ronln

103 2180 392 2244 reconnaltred'autre
405 2180 471 2237 bien
482 2197 536 2255 que
549 2179 698 2237 l’honndte.

139 2264 262 2320 Arctous,
283 2261 371 2319 Petite
383 2260 522 2335 question,
536 2278 570 2318 en
580 2260 653 2332 chet,
667 2268 696 2317 et
709 2259 756 2336 qni
769 2266 804 2318 rie
817 2259 859 2318 les
872 2263 970 2336 separe
981 2274 1020 2335 pas

103 2343 291 2401 ubsolumenti

139 2423 265 2482 llnacus.
286 2423 359 2481 Vnus
373 2423 466 2480 aurien
480 2422 584 2493 raison,
605 2421 662 2480 s’ils
681 2421 834 2480 differaient
852 2441 902 2481 sur
915 2423 943 2481 le
957 2419 1019 2487 fond,

103 2512 131 2561 et
140 2522 195 2562 non
209 2522 258 2579 pas
270 2521 317 2561 sur
331 2505 372 2560 les
386 2511 496 2561 termes.

139 2584 206 2641 XXl.
226 2585 352 2641 Antaeus
374 2584 446 2640 Vous
468 2600 568 2658 pensen
583 2584 653 2640 donc
667 2598 772 2640 comme
792 2584 955 2655 Antiochus,
968 2596 1020 2640 mon

104 2664 169 2733 ami,
181 2665 209 2736 ie
223 2663 354 2720 n’oserais
369 2661 429 2718 dire
443 2679 507 2719 mon
519 2665 626 2732 mattae,
641 2679 706 2719 avec
717 2663 764 2736 qui
775 2663 823 2736 J'ai
836 2665 905 2721 recu
915 2664 1020 2741 pendant

84 2751 86 2754 '
101 2760 140 2800 nn
154 2751 253 2818 temps,
268 2741 356 2815 etqui
374 2741 428 2797 m’a
445 2758 564 2817 presque
583 2743 707 2800 entralne
726 2744 792 2800 hors
807 2744 841 2801 de
861 2762 913 2802 nos
926 2743 1020 2818 Jardins

101 2839 172 2898 pour
185 2840 229 2879 me
244 2838 339 2878 mener
353 2821 369 2878 A
383 2820 516 2895 quelques
529 2839 578 2896 pas
590 2821 624 2878 de
636 2823 810 2881 l'Academie.

137 2902 265 2960 diductis
286 2901 381 2959 C’etait
394 2919 431 2958 un
443 2902 552 2959 homme
566 2900 630 2959 d’un
645 2903 731 2977 esprit
745 2895 801 2960 tres
814 2904 919 2963 eclaire
934 2915 963 2964 et
974 2903 1021 2963 tres

102 2979 150 3050 fin,
167 2981 299 3056 accompli
320 2983 388 3040 daus
408 3000 458 3040 son
480 2998 576 3056 genre,
596 2991 624 3039 et
636 3000 700 3040 mon
714 2984 767 3040 ami
783 3001 890 3044 comme
904 2988 930 3044 le
944 2988 1021 3052 vdtre,

101 3078 168 3119 vous
179 3063 206 3118 le
220 3076 314 3132 sarem
327 3063 395 3120 mais
410 3081 475 3121 avec
492 3062 581 3137 lequel
594 3064 746 3137 copendant
764 3080 833 3122 nous
848 3085 964 3126 verrens
977 3081 1023 3124 une

100 3141 151 3199 fois
178 3141 203 3198 si
224 3159 292 3200 nous
314 3160 383 3200 nous
398 3145 547 3208 accordons
560 3161 602 3201 en
624 3151 692 3201 tout.
714 3144 749 3202 (le
771 3163 826 3219 que
838 3145 869 3219 je
890 3149 943 3221 dis,
966 3148 1023 3206 c’cst

101 3222 201 3296 qu'une
217 3222 279 3295 pair
294 3224 423 3296 generale
436 3232 476 3283 est
490 3223 623 3300 possible.

136 3302 264 3360 Atr1ctts.
285 3301 442 3360 Comment‘l

136 3382 258 3451 ithacus.
279 3382 307 3439 Si
322 3383 413 3440 Zenon
427 3385 498 3442 avait
516 3385 564 3456 dit,
581 3404 685 3444 comme
706 3387 814 3445 Ariston
833 3390 869 3448 de
884 3392 964 3465 Chio,
979 3407 1026 3468 que
1065 3420 1067 3431 ι

100 3460 222 3539 l'uniqne
244 3462 310 3520 bien
324 3469 368 3521 est
393 3463 542 3537 l'hnnndle,
562 3467 684 3540 l'uniqne
704 3468 759 3526 mel
781 3468 808 3526 le
823 3470 965 3546 hontcux;
980 3489 1027 3550 que
