2316 4080
106 332 137 384 ’10
413 332 452 379 DE
470 330 608 382 LEGIBUS.
630 330 719 380 LIBER
734 330 752 379 Ι.

139 451 180 505 An
205 447 311 503 arboris
330 454 376 502 aut
404 446 469 520 equi
493 446 634 520 ingenium
656 454 754 503 natura
780 443 977 518 prohabimus,
1000 442 1032 497 in·

103 529 183 602 genia
193 528 324 601 juvenum
339 544 393 583 non
407 527 495 583 item?
511 543 546 583 an
566 525 676 600 ingenia
694 534 804 593 nature,
820 523 944 581 virtutes
960 531 988 579 et
1002 522 1034 578 ri·

104 609 153 677 tia,
163 624 224 681 quae
235 606 368 663 exsistunt
381 607 415 663 ob
429 606 556 679 ingeniis,
571 606 650 664 aliter
660 604 881 680 judicabuntur?
893 621 931 661 an
945 620 980 659 ea
991 619 1035 659 non

103 688 192 756 aliter,
204 687 319 743 honeste
334 694 361 744 et
371 687 465 760 turpia
478 702 533 743 non
542 687 577 743 ed
591 694 718 743 naturam
729 684 827 742 referri
839 701 957 741 neeesse
974 682 1033 740 erio

105 766 182 833 Quod
194 766 331 824 laudabile
343 775 394 837 est,
409 766 512 824 honum
526 767 555 823 in
572 784 602 824 se
624 766 733 837 habeat,
749 765 823 840 quod
839 764 978 834 laudetur,
995 780 1034 820 ne·

105 864 182 904 resse
197 854 255 918 est;
272 847 362 921 ipsum
375 855 467 905 autem
479 847 582 904 honum
597 865 652 905 non
671 854 713 904 est
729 846 918 921 opinionibus,
934 845 985 902 sed
996 861 1034 900 m·

103 935 182 995 tura3
197 944 261 983 nam
284 927 312 983 ni
333 927 371 985 ita
385 934 467 995 esset,
487 928 561 984 beati
581 944 689 1003 quoque
705 927 832 1000 opinione
856 933 973 994 essent3
988 941 1033 999 qno

104 1006 170 1080 quid
185 1006 238 1063 dici
249 1014 338 1080 potest
351 1007 483 1065 stultius?
498 1007 586 1072 Quare
602 1025 664 1064 oum
676 1015 704 1064 et
718 1007 819 1064 bonum
833 1013 861 1063 et
875 1006 984 1063 molum
996 1021 1034 1061 na·

103 1095 166 1143 tura
184 1086 333 1160 judicetur,
347 1095 374 1144 et
395 1104 428 1143 ee
448 1087 503 1144 sint
528 1087 662 1162 principia
684 1094 803 1156 neturae,
822 1093 898 1143 certe
925 1087 1034 1142 honesto

104 1184 213 1242 quoque
232 1176 259 1224 et
276 1166 369 1241 turpia
385 1167 467 1224 simili
481 1169 586 1225 ratione
605 1167 779 1242 dijudicanda
800 1175 827 1224 et
848 1167 886 1223 ad
909 1173 1031 1224 naturam
1057 1170 1059 1175 '

104 1248 330 1305 referendasunt.
406 1276 414 1289 κ
505 1270 508 1279 ’

136 1328 190 1384 Sed
214 1329 357 1402 perturbat
379 1345 429 1386 nos
449 1329 607 1404 opinionum
627 1329 746 1386 varietas
764 1327 969 1403 hominumque
984 1327 1032 1385 dis·

101 1408 201 1478 sensio,
216 1417 243 1466 et
267 1408 332 1482 quia
352 1426 408 1466 non
421 1409 496 1466 idem
520 1405 652 1482 contingit
667 1409 696 1465 in
709 1408 846 1477 sensibus,
860 1407 913 1465 hos
939 1416 1032 1465 natura

102 1495 191 1545 certos
209 1496 348 1564 putemus,
370 1488 426 1555 ille,
441 1507 503 1563 qme
525 1489 589 1546 aliis
608 1490 657 1558 sic,
682 1488 743 1546 eliis
766 1505 845 1545 secus
861 1506 915 1546 nec
939 1488 1031 1545 iisdem

102 1585 211 1643 semper
232 1586 286 1626 uno
310 1570 390 1627 modo
414 1569 546 1640 videntur,
568 1570 632 1626 ficto
650 1586 711 1626 esse
735 1569 869 1638 dicimus3
897 1569 975 1642 quod
998 1577 1032 1624 est

101 1648 183 1722 longe
197 1649 287 1707 aliter.
307 1648 381 1707 'Nem
400 1667 498 1712 sensus
511 1658 620 1709 nostros
642 1666 697 1707 non
720 1665 832 1724 parem,
855 1666 913 1706 non
936 1647 1031 1717 nutrix,

136 1882 352 1956 ingerens-nous
374 1882 409 1940 de
431 1883 459 1939 le
483 1881 580 1940 valeur
608 1880 674 1940 d'un
699 1881 796 1941 chevol
815 1897 853 1938 ou
873 1881 943 1939 d'un
957 1882 1032 1940 arbre

99 1980 150 2037 par
161 1963 189 2019 la
200 1969 307 2032 nature,
321 1971 349 2020 et
361 1979 396 2019 ne
409 1963 625 2036 jugeronsmons
637 1979 686 2036 pas
700 1962 770 2019 ainsi
782 1961 820 2018 du
830 1962 976 2020 caractere
988 1962 1032 2018 des

99 2039 196 2117 jeunes
214 2042 300 2116 gens?
316 2050 343 2098 et
361 2042 385 2098 si
401 2058 470 2099 nous
484 2058 520 2099 en
536 2041 654 2116 jugeons
677 2041 786 2116 d'apres
806 2042 964 2108 inmature,
979 2041 1031 2098 sui-

101 2138 266 2179 rronsnous
278 2138 334 2178 une
355 2129 434 2178 autre
448 2121 526 2196 reple
544 2139 615 2197 pour
628 2123 670 2179 ies
681 2130 776 2179 vertus
798 2130 826 2178 et
839 2121 882 2178 les
900 2121 976 2179 vioes
990 2119 1032 2194 qni

101 2202 224 2259 naissent
245 2201 281 2258 du
300 2202 458 2259 caractere?
480 2210 509 2259 et
530 2202 555 2258 si
569 2219 639 2260 nous
654 2202 774 2276 gardons
792 2201 828 2258 ici
845 2201 874 2258 le
886 2204 989 2272 meme,
1002 2217 1032 2257 ne

101 2280 243 2341 devient-il
256 2299 306 2355 pas
318 2282 473 2341 neeessaire
488 2282 523 2340 de
540 2291 685 2358 rapporter
702 2283 719 2339 d
739 2283 767 2338 la
781 2291 880 2340 nature
894 2281 1032 2339 l’honnete

100 2369 130 2419 et
140 2361 167 2420 le
179 2361 318 2419 honteux‘?
332 2362 368 2421 Ge
377 2363 425 2437 qui
434 2370 479 2420 est
489 2363 601 2421 louahle
611 2363 668 2421 doit
679 2361 804 2420 eontenir
816 2378 852 2418 en
862 2361 905 2418 soi
918 2360 1032 2436 quelque

101 2441 166 2500 bien
177 2442 223 2517 qui
238 2443 264 2499 le
279 2443 363 2501 rende
377 2443 487 2502 louehle
501 2460 538 2500 en
550 2443 628 2512 effet3
644 2458 676 2500 or
688 2442 714 2498 le
729 2442 795 2499 bien
807 2441 953 2499 lui-meme
966 2441 1033 2498 n’est

44 2582 47 2587 ,
103 2540 151 2595 pas
164 2523 232 2579 dans
245 2523 387 2596 l'opinion,
401 2525 471 2582 mois
483 2523 551 2580 dans
563 2522 591 2580 Ιθ
602 2530 701 2580 nature
715 2541 722 2578 ε
739 2528 894 2579 outrement
905 2521 1031 2595 l'opinion

102 2602 184 2659 feroit
194 2603 267 2660 aussi
279 2603 306 2659 le
316 2603 457 2672 bonheur3
469 2610 497 2659 et
509 2619 563 2676 que
576 2610 694 2677 peut-on
704 2601 764 2659 dire
777 2602 811 2658 de
823 2601 887 2675 plus
897 2599 1031 2659 absurde?

102 2681 129 2737 Si
150 2682 220 2739 dono
239 2683 267 2738 la
281 2681 440 2739 distinction
454 2682 491 2738 du
503 2682 569 2739 bien
588 2689 616 2739 et
629 2683 667 2739 du
678 2681 734 2739 mal
748 2689 790 2740 est
802 2681 952 2746 maurello,
968 2680 991 2738 si
1005 2696 1032 2736 ee

103 2768 164 2818 sont
175 2760 223 2817 des
237 2761 377 2835 principes
389 2761 423 2818 de
436 2761 464 2818 la
477 2769 587 2831 nature,
600 2762 797 2819 certeinement
810 2760 955 2819 l’honnete
972 2768 999 2818 et
1008 2759 1032 2815 le

103 2840 224 2897 honteux
238 2841 348 2898 doivent
359 2843 417 2898 etre
432 2840 585 2915 distingues
599 2841 634 2900 de
647 2843 747 2913 meme,
767 2849 796 2899 et
817 2842 966 2916 supportes
982 2839 1032 2898 dle

103 2927 213 2978 nature.

140 3000 207 3057 ideis
237 3000 264 3058 la
292 3001 424 3061 diversite
443 3001 491 3062 des
509 3001 648 3079 opinions,
680 3001 722 3062 les
755 3001 964 3063 dissentiments
988 3001 1032 3060 des

103 3079 228 3138 hommes
247 3098 314 3140 nous
336 3084 544 3156 deconcertent3
559 3093 587 3143 et
606 3101 756 3160 parceque
777 3084 817 3140 les
839 3101 903 3141 sens
923 3102 960 3141 ne
975 3088 1033 3140 sont

102 3177 153 3233 pas
172 3161 257 3234 sujets
279 3179 332 3220 aux
351 3167 456 3222 memes
481 3164 704 3235 contradictions,
728 3181 801 3221 nous
822 3164 976 3238 regardons
994 3163 1032 3219 les

104 3257 167 3296 sens
187 3257 293 3298 comme
312 3245 527 3303 nuturellement
551 3246 684 3313 certeins3
706 3245 748 3301 les
768 3244 891 3314 notions,
913 3262 950 3302 au
972 3261 1032 3301 oon-

104 3319 201 3389 traire,
217 3321 265 3394 qui
280 3321 386 3380 varient
398 3325 475 3382 selon
487 3325 529 3382 les
542 3341 705 3399 personum,
718 3332 746 3382 et
759 3324 806 3398 qui
821 3340 893 3398 pour
907 3325 935 3381 la
949 3326 1032 3383 meme

102 3416 240 3472 personne
254 3418 289 3458 ne
304 3410 407 3460 restent
424 3421 475 3479 pes
490 3405 616 3479 toujours
630 3405 672 3463 les
685 3405 799 3472 memes,
818 3420 890 3462 nous
908 3405 952 3461 les
969 3400 1032 3462 trai-

102 3488 165 3538 tons
188 3479 221 3538 de
249 3481 367 3540 fictione.
392 3481 423 3539 11·
442 3501 477 3541 en
491 3492 533 3542 est
559 3493 620 3543 tout
636 3493 803 3544 outrement.
819 3478 872 3541 Car
898 3501 949 3542 nos
974 3498 1032 3541 sens
