2316 4080
101 286 131 340 80
398 293 437 341 DE
456 292 589 342 LEGIBUS.
612 291 700 340 LIBER
715 291 733 340 1.

101 407 179 464 cendi
194 423 275 463 causa
289 413 352 462 sunt
370 406 493 465 iacienda
517 406 617 475 omnia,
634 415 833 462 controversam
853 421 913 460 rem
929 414 956 461 et
970 403 1021 478 ple·

101 496 170 606 naml
176 477 352 534 dissensionis
364 478 436 536 inter
458 478 642 548 doctissimos,
659 477 706 533 sed
723 475 868 548 aliquando
881 477 942 549 iam
956 476 1023 549 judi-

103 567 150 607 cau
172 565 224 605 am.

136 621 263 678 airricus.
284 622 335 687 Qui
348 621 420 679 istud
435 621 606 748 heripotest,
622 617 652 677 L.
676 617 761 676 Gellio
773 621 903 675 mortuo?

137 693 260 749 Musteus
281 693 351 758 Quid
366 693 494 749 tandemi
527 691 561 747 ad
574 692 653 748 rem?

136 764 262 820 hunicus
286 764 419 829 Quoniam
442 764 553 820 Athenis
577 763 672 818 audire
696 780 729 819 ex
755 761 869 818 Phaedro
891 777 954 817 meo
978 777 1025 816 me·

101 833 167 890 mini
182 833 310 904 Gellium,
327 835 490 892 familiarem
503 845 588 902 tuum,
605 850 665 890 cnm
677 850 728 907 pro
741 833 851 891 consule
863 850 896 889 ex
912 841 1026 906 praetura

102 906 131 961 in
160 904 293 962 Graeciam
315 907 435 963 venisset
459 915 587 978 essetque
612 904 735 972 Athenis,
763 905 956 979 philosophos,
985 903 1026 976 qui

101 993 148 1033 um
161 985 247 1046 erant,
264 978 292 1033 in
306 978 395 1034 locum
407 995 489 1035 unum
499 992 675 1043 convocasse,
694 975 819 1050 ipsisque
834 991 939 1047 magno
951 991 1026 1048 opere

102 1055 225 1104 uctorem
243 1050 338 1118 fuisse,
354 1056 385 1105 ut
403 1048 550 1131 aliquando
572 1047 825 1105 controversiarum
850 1046 975 1120 aliquem
993 1047 1027 1101 ta:

107 1127 191 1175 erent
205 1121 314 1177 modurn
327 1139 336 1189 ;
349 1119 422 1194 quod
435 1137 458 1175 s1
474 1126 566 1176 essent
581 1135 613 1176 eo
633 1119 732 1187 animo,
750 1125 782 1174 ut
801 1117 908 1174 nollent
926 1124 1026 1174 aetatem

102 1191 133 1246 in
147 1189 240 1248 litibus
255 1199 406 1258 conterere,
418 1207 498 1264 posse
518 1208 576 1246 rem
591 1190 752 1259 convenire;
774 1198 802 1245 et
823 1188 905 1244 simul
923 1204 1026 1263 operam

103 1278 181 1317 suam
190 1262 312 1319 illisesse
321 1261 480 1336 pollicitum,
488 1261 510 1317 si
518 1269 611 1334 posset
620 1261 694 1317 inter
703 1278 749 1317 eos
760 1260 866 1342 aliquid
877 1259 1024 1316 convenire.

142 1333 265 1392 hiacus.
293 1333 419 1390 ioculare
444 1333 519 1390 istud
540 1332 660 1407 quidem,
683 1332 824 1405 Pomponi,
847 1339 915 1387 eta
942 1329 1027 1387 multis

103 1420 178 1478 saepe
188 1404 326 1472 derisum;
349 1405 398 1461 sed
413 1421 464 1477 ego
478 1404 559 1477 plane
574 1403 672 1459 vellem
692 1420 735 1459 me
751 1402 887 1460 arbitrum
901 1402 976 1459 iuter
988 1419 1027 1458 au·

103 1476 210 1549 tiquam
221 1476 394 1533 Academiam
407 1485 434 1532 et
448 1476 585 1532 Zenonem
599 1475 701 1530 datum.

138 1548 267 1605 aitardus,
287 1548 345 1613 Quo
357 1547 467 1604 tandem
482 1547 554 1604 istud
569 1545 671 1602 modo?

136 1617 261 1676 Manena
283 1619 352 1684 Quia
364 1619 398 1676 de
412 1635 443 1675 re
462 1635 519 1675 una
537 1618 627 1675 solum
642 1614 786 1685 dissident,
807 1615 840 1672 de
856 1615 961 1674 ceteris
981 1615 1025 1673 mi·

102 1688 177 1745 rifice
191 1696 353 1763 congruunt.

137 1761 260 1818 haricus.
281 1761 361 1818 hisne
375 1760 507 1818 tandem?
524 1777 613 1818 unane
630 1767 671 1816 est
685 1758 774 1817 solum
787 1757 952 1816 dissensio?

101 1978 164 2020 vers
178 1961 268 2036 lequel
285 1960 394 2018 doivent
408 1961 504 2018 teudre
521 1968 611 2018 toutes
629 1977 679 2018 nos
692 1962 811 2030 actions;
832 1963 963 2035 question
981 1963 1029 2019 iort

103 2033 242 2116 ddhattue,
257 2040 283 2089 et
298 2032 413 2089 fe'conde
426 2049 460 2089 en
474 2033 670 2089 contestations
680 2034 770 2116 parmi
786 2032 827 2089 les
842 2033 906 2107 plus
928 2035 1027 2104 doctas,

104 2103 823 2233 thahathtttt‘tttht'dtttttitan

139 2246 262 2305 handus.
282 2246 323 2302 Eh
337 2246 421 2303 bien‘?

137 2312 264 2374 hrrtctis.
285 2317 356 2374 G'est
399 2334 434 2374 ue
458 2317 488 2392 je
513 2335 558 2374 me
587 2317 717 2374 souviens
741 2316 845 2374 d’avoir
873 2319 1032 2389 enteudu,d

103 2388 232 2459 Athenas,
241 2405 304 2446 mon
317 2389 371 2446 ami
381 2335 487 2446 {hidre
501 2397 628 2446 raconter
642 2406 696 2462 que
709 2389 819 2462 lorsque
831 2388 948 2460 Gellius,
960 2399 1031 2448 votrc

104 2461 168 2530 ami,
184 2460 241 2516 vint
262 2478 297 2517 en
320 2460 404 2518 Grece
425 2477 462 2516 au
476 2461 559 2518 sortir
580 2461 614 2517 de
630 2477 664 2542 sa
683 2461 805 2534 pretore,
822 2478 857 2516 en
894 2463 981 2519 ualite'
1002 2461 1031 2517 de

105 2532 259 2606 proconsul,
273 2549 303 2588 se
316 2539 443 2589 trouvant
456 2531 615 2601 criminos,
628 2531 647 2586 al
660 2548 799 2604 convoqua
808 2479 930 2590 tousies
946 2534 1030 2607 philo·

104 2601 203 2675 sophos
211 2603 256 2675 qui
266 2621 283 2676 y
292 2602 395 2659 etaient
407 2603 489 2667 aiors,
500 2603 599 2659 ct-leur
613 2602 704 2660 donna
732 2611 877 2659 ravemeut
889 2603 916 2660 le
931 2598 1031 2661 conscii

106 2673 139 2728 de
154 2674 272 2745 prendre
284 2673 349 2744 j0ur
364 2689 434 2746 pour
450 2681 548 2730 mettre
563 2691 601 2728 un
615 2681 702 2731 terme
713 2619 731 2729 ξ
742 2674 817 2730 leurs
832 2683 1030 2738 controversas,

104 2743 195 2800 disant
212 2760 267 2816 quc
281 2742 339 2798 s’ils
356 2743 485 2824 n’dtaient
496 2760 546 2838 pas
563 2743 708 2801 d'humeur
722 2745 876 2828 ddisputcr
886 2747 997 2874 jusqu'd
1008 2746 1032 2802 la

104 2820 186 2882 mort,
206 2813 327 2895 la'ehose
346 2821 662 2895 pourra1tsarranger;
683 2823 711 2872 et
724 2815 752 2897 ,11
771 2824 862 2889 aJouta
886 2818 943 2899 qu’a
977 2818 1033 2874 leur

105 2891 266 3012 {ggffifflt1
282 2892 332 2941 son
351 2891 508 2956 entremrse,
534 2902 570 2943 au
596 2903 642 2942 cas
665 2886 702 2942 ovi
723 2886 757 2944 rls
779 2897 944 2962 pourrarent
967 2889 1032 2946 s'en·

141 3026 264 3084 hiacus.
286 3027 322 3085 Le
336 3027 384 3086 tait
402 3036 443 3086 est
460 3027 589 3103 plaisant,
613 3028 785 3103 Pomponius,
802 3036 830 3086 et
849 3030 906 3086 l'on
923 3031 983 3088 s'en
996 3037 1033 3087 est

106 3105 221 3154 souvent
235 3101 339 3157 amusd.
353 3100 419 3157 iiais
434 3101 633 3158 sericusement
649 3101 678 3173 je
693 3100 822 3157 voudrais
835 3103 894 3160 edre
910 3102 957 3158 clu
968 3117 1034 3177 pour

107 3168 208 3226 arbitre
221 3177 299 3227 entre
313 3171 464 3230 l’aucienne
478 3172 623 3230 academie
636 3179 664 3228 et
676 3172 777 3228 Zenon.

143 3241 271 3298 haricus.
294 3241 434 3301 Commeat
448 3243 527 3301 cela?

142 3311 267 3370 Manena.
289 3313 360 3370 C'est
371 3314 451 3396 qu’ils
467 3332 501 3372 ne
514 3315 641 3372 different
653 3314 734 3388 qu’en
751 3332 789 3372 un
801 3315 890 3389 point,
913 3324 941 3375 et
956 3314 1031 3390 qu'ih

106 3381 276 3441 s'accordeut
289 3383 516 3458 singultirement
532 3404 578 3443 sur
590 3387 616 3442 le
628 3393 712 3442 reste.

143 3455 269 3514 haricus.
290 3454 348 3520 Que
357 3455 528 3516 dites-vous?
541 3457 569 3515 la
577 3456 693 3516 division
700 3457 829 3534 n'estque
836 3475 885 3516 sur
896 3477 935 3517 an
942 3457 1033 3534 pointi
