2316 4080
180 286 212 335 50
489 279 528 328 DE
546 277 677 336 LEGIBUS,
694 277 782 326 LIBER
795 277 814 326 1.

181 417 235 474 qua
250 403 349 455 ceterae
378 400 463 463 entes,
476 393 677 450 conflictantur.
688 392 754 458 Quae
767 400 860 450 antem
875 394 951 451 natio
965 411 1022 450 non
1033 395 1106 451 comi·

181 480 276 538 tatem,
292 484 345 523 non
358 412 566 538 {cnignitatem
589 482 643 521 non
665 474 773 536 gratum
792 465 913 522 animum
937 474 964 522 et
984 467 1105 522 beneficii

182 556 330 598 memorem
348 537 537 612 diligit‘lquae
560 536 706 609 superbos
722 551 784 608 quae
805 537 955 606 maleficos,
971 555 1036 611 quae
1054 556 1107 594 cru·

183 613 268 679 deles,
283 626 345 683 quae
360 610 493 682 ingratos,
519 624 574 663 non
597 615 767 680 aspernatur,
788 625 844 664 non
863 609 938 665 odit?
956 609 1065 674 Quibus
1082 627 1107 665 er

182 684 264 739 rebus
288 698 350 737 cum
370 697 450 735 omne
472 696 558 751 genus
584 679 726 734 hominum
749 679 883 735 sociatum
905 679 978 736 inter
997 698 1028 736 se
1055 698 1106 737 esse

182 754 360 826 intelligatur,
381 750 449 806 illud
473 760 626 806 extremum
649 757 700 831 est,
724 749 797 823 quod
820 760 894 808 recte
913 751 1026 808 vivendi
1046 753 1107 809 ratio

182 825 309 882 meliores
327 823 418 879 elficit.
434 821 500 887 Quae
514 823 538 877 si
554 821 724 895 approbatis,
742 838 856 895 pergam
877 820 913 878 ad
934 823 1060 898 reliqua;
1073 824 1108 880 sin

182 895 249 970 quid
260 894 412 969 requiritis,
428 893 457 949 id
470 893 637 968 explicemus
650 893 737 967 prius.

217 988 343 1042 Amicus.
364 982 417 1038 Nos
430 998 494 1037 vero
506 981 587 1049 nihil,
600 989 630 1038 ut
643 998 694 1055 pro
707 988 825 1055 utroque
838 982 1035 1056 respondeam.

217 1073 274 1130 xll.
313 1073 436 1130 linricus
466 1070 594 1144 Sequitur
612 1071 698 1144 igitur
722 1071 755 1127 ad
782 1072 1007 1145 participandum
1036 1075 1108 1132 aliun

183 1145 321 1213 eumalio,
339 1141 648 1215 communicandamque
672 1143 745 1199 inter
765 1158 860 1199 omues
881 1145 926 1216 jus
946 1162 999 1202 nos
1020 1156 1109 1205 natura

184 1234 243 1274 esse
257 1217 352 1272 factos.
367 1217 455 1341 Atque
469 1213 522 1269 hoc
537 1213 567 1268 in
585 1214 660 1270 omni
674 1213 726 1270 hac
740 1213 924 1288 disputatione
940 1217 981 1273 sic
996 1217 1109 1293 intelligi

185 1289 256 1355 volo,
274 1289 321 1360 jus
342 1303 396 1360 quo
434 1285 532 1354 dicam,
550 1293 647 1341 natura
661 1302 736 1353 esse3
755 1293 859 1342 tantam
878 1295 969 1343 autem
982 1305 1046 1347 esse
1059 1308 1109 1347 cor-

184 1358 320 1433 ruptelam
343 1357 423 1413 malae
444 1355 659 1424 consuetudinis,
679 1363 711 1411 ut
734 1356 768 1412 ab
796 1374 829 1414 ea
853 1365 984 1432 tanquam
1006 1361 1109 1434 igniculi

185 1431 394 1503 exstinguantur
406 1445 422 1483 a
434 1435 532 1484 natura
554 1427 621 1497 dati,
637 1427 849 1503 exorianturque
873 1437 900 1486 et
923 1431 1109 1490 confirmentur

183 1503 248 1559 vitia
264 1501 412 1558 contraria.
429 1499 505 1565 Quod
527 1499 562 1566 si,
582 1516 636 1572 quo
659 1500 740 1555 modo
760 1507 802 1556 est
824 1508 930 1570 natura,
955 1503 996 1559 sic
1016 1505 1109 1576 judicio

185 1574 319 1644 homines,
331 1572 459 1640 lomoni,
472 1580 503 1628 ut
518 1571 657 1645 aitpoeta,
670 1570 749 1628 osuit
761 1587 819 1629 asc
831 1572 1108 1647 alienumpotorcot,

184 1762 275 1831 dieux,
290 1769 319 1816 et
338 1759 364 1815 le
384 1767 458 1815 reste
473 1759 522 1814 des
541 1758 661 1814 nations.
678 1756 747 1822 Quel
762 1758 862 1832 peuple
880 1760 954 1816 enfin
975 1780 1012 1820 ne
1032 1765 1110 1822 chirit

184 1843 261 1916 point
282 1839 308 1895 la
329 1838 457 1906 douceur,
473 1837 499 1894 la
520 1838 613 1906 home,
628 1837 656 1893 la
679 1839 919 1912 reconnaissance,
938 1841 968 1898 le
991 1844 1111 1902 souvenir

186 1922 233 1977 des
252 1918 399 1976 bienfaits‘l
413 1917 475 1991 quel
497 1917 598 1991 peuple
619 1924 660 1974 est
681 1935 744 1976 sans
764 1919 847 1976 haine
868 1937 904 1978 ou
927 1939 993 1979 sans
1015 1926 1110 2000 mepris

183 2018 254 2075 pour
267 2000 309 2055 les
324 1997 468 2071 superbos,
484 1997 524 2053 les
545 1997 699 2067 mechants,
719 1998 760 2056 les
774 2000 875 2067 cruels,
890 2000 931 2059 les
945 2003 1077 2076 ingratsl
1090 2004 1109 2060 S'

185 2081 253 2136 dono
272 2080 328 2134 l'on
346 2076 497 2151 comprend
520 2093 573 2150 que
594 2094 639 2133 ces
660 2079 813 2151 penchants
835 2096 978 2138 communs
996 2086 1112 2142 unissent

187 2169 264 2215 entre
281 2175 333 2212 eux
353 2164 415 2212 tous
436 2155 477 2213 les
491 2156 626 2226 hommes,
641 2157 669 2213 la
684 2159 871 2231 consequence
884 2161 1014 2220 derniere
1030 2182 1065 2221 en
1079 2173 1112 2221 est

186 2239 282 2313 quola
298 2235 402 2304 raison,
419 2236 565 2311 appliqude
584 2236 601 2294 d
619 2237 648 2293 la
667 2237 793 2295 conduitc
813 2240 847 2296 de
869 2240 897 2296 la
912 2241 966 2312 vie,
988 2244 1060 2300 rond
1079 2246 1111 2301 les

186 2319 311 2374 hommes
325 2316 476 2373 meilleurs.
492 2315 519 2372 Si
533 2333 604 2373 vous
620 2317 781 2389 l’accordez,
792 2320 821 2392 J'e
838 2323 962 2394 passerai
979 2340 1015 2381 au
1030 2334 1110 2394 restc;

187 2398 257 2454 mais
277 2397 300 2453 si
313 2413 380 2454 vous
399 2413 462 2454 avec
486 2396 606 2471 quelque
629 2398 757 2472 question
779 2399 796 2456 a
818 2417 966 2475 proposer,
981 2404 1112 2463 eclaircis·

187 2476 288 2534 sons-la
302 2477 425 2535 d'ahord.
529 2510 535 2517 -

222 2576 349 2710 clippeus
369 2574 460 2630 Nous‘l
474 2590 592 2643 aucune,
603 2576 627 2631 si
639 2575 676 2632 du
686 2575 775 2633 moins
783 2577 812 2650 je
825 2578 887 2652 puis
900 2581 1040 2656 repondre
1053 2601 1112 2658 pour

189 2662 252 2711 tous
285 2672 347 2710 eux.

223 2751 279 2808 llll.
300 2751 423 2807 Marcus.
444 2749 535 2806 llsnit
549 2751 617 2807 donc
631 2769 685 2825 que
701 2753 727 2810 la
745 2764 843 2813 nature
858 2775 927 2814 nous
942 2761 1036 2820 afaits
1051 2779 1113 2839 pour

187 2849 226 2887 un
252 2830 312 2886 seul
338 2838 365 2886 et
391 2832 480 2886 meme
503 2828 576 2886 droit
597 2832 644 2905 qui
666 2831 724 2890 doit
742 2836 800 2892 etre
819 2854 949 2896 commun
964 2841 981 2897 a
995 2851 1111 2914 tous,et‚

190 2912 257 2967 dans
271 2918 347 2967 toute
364 2917 435 2967 cette
449 2909 616 2978 discussion,
633 2911 652 2967 il
667 2912 829 2973 domeurera
848 2917 911 2975 bien
931 2924 1054 2980 entendn
1066 2942 1113 2999 que

189 3008 220 3047 ce
235 3007 287 3062 quc
299 2990 429 3065 j'appelle
447 2991 519 3048 droit
533 3000 576 3048 est
590 3009 628 3047 un
644 2993 717 3051 droit
733 2997 857 3068 nature13
874 3000 943 3056 mais
958 3002 1025 3060 telle
1038 3016 1079 3063 est
1091 3007 1113 3062 la

188 3070 348 3144 corruption
362 3070 410 3128 des
424 3072 578 3129 mauvaises
591 3072 748 3144 habitudes,
759 3076 860 3149 qu'elle
875 3074 975 3138 etouffe
991 3101 1036 3142 ces
1052 3087 1114 3143 etin·

189 3149 272 3206 celles
284 3150 404 3208 donnees
418 3169 468 3226 par
481 3153 509 3209 la
522 3159 630 3222 nature,
643 3162 670 3210 et
684 3154 785 3228 qu'elle
801 3156 953 3235 developpe
970 3172 999 3220 et
1019 3166 1113 3223 fortilie
1147 3168 1149 3231 i

189 3247 225 3287 en
238 3245 307 3286 nous
320 3229 362 3286 les
373 3231 446 3288 vices
460 3233 588 3307 opposes.
605 3232 663 3297 Que
673 3235 707 3304 sl,
718 3236 887 3297 conformant
899 3241 962 3298 leur
973 3243 1115 3318 jugement

190 3308 253 3368 ila
273 3317 370 3368 nature
391 3313 490 3382 meme,
503 3312 544 3368 les
565 3313 689 3370 hommes
710 3319 868 3390 pensatam,
889 3337 996 3380 comme
1021 3327 1062 3384 dit
1082 3345 1114 3383 un

190 3389 282 3466 poete,
292 3406 344 3464 que
354 3392 416 3451 tien
425 3392 574 3452 c’oomoio
584 3408 622 3451 tte
631 3394 695 3452 leur
704 3399 745 3454 est
753 3397 898 3472 dirumpor,
908 3401 934 3459 le
947 3404 1023 3464 droit
1035 3408 1116 3466 serait
