2316 4080
272 292 381 350 tntilli
398 290 452 348 DES
469 299 543 350 tots.
572 301 660 353 ulvnn
677 305 697 354 1.
927 302 958 358 23

110 426 172 462 arem
184 414 216 462 ad
236 413 380 470 Scaevolam,
421 411 449 473 je
460 411 611 483 trequentais
626 416 685 464 chez
699 417 816 475 Soosvola,

114 490 221 538 unquam
227 475 396 525 mihiesvisus
425 477 450 521 et
459 475 548 536 Jamais
564 480 590 525 tu
604 491 635 525 ne
650 479 709 526 m’as
721 492 781 539 paru

110 539 156 586 isso
171 540 202 586 ad
218 539 350 587 dicendum
424 536 494 584 t’dtre
508 538 590 587 donne
604 538 653 587 dle
684 541 750 588 arole

112 604 283 650 contemneres
424 599 535 659 delaoon
547 605 631 661 quotu
646 554 816 666 nggligeasses

110 663 155 711 ile.
422 661 446 709 le
462 663 526 711 droit
540 663 602 712 civil.

110 725 394 786 cus.llooasme,lttice,
454 726 563 774 llancus.
581 727 616 774 Tu
631 727 784 788 m’appelles,
799 728 902 791 Atticus,

110 802 160 848 gum
175 801 322 845 sermonem,
423 785 498 835 dune
511 788 603 850 longua
619 788 765 850 discussion,

110 854 191 898 tamen
205 850 346 911 suscipiam,
422 848 528 909 laquelle
543 853 658 911 pourtant
667 851 883 914 j’entrcprendrai,

110 913 186 961 rintus
200 913 292 961 mavult
422 911 443 959 si
459 912 564 970 Quintus
578 927 609 961 ne
620 913 714 973 prefero
729 929 773 977 pas

112 988 154 1023 cre
167 975 226 1036 quid
240 974 317 1034 aliud,
421 986 483 1021 nous
494 975 556 1023 faire
567 976 672 1036 quelque
681 980 750 1025 autre
762 977 845 1037 chose,

110 1051 141 1097 m,
420 1040 444 1084 ct
455 1035 480 1097 jo
495 1037 609 1098 parlerai,

110 1114 132 1147 m
147 1112 232 1148 sumus
249 1099 329 1148 vacui.
419 1098 523 1159 puisqne
537 1113 598 1148 nous
613 1113 717 1148 sommes
732 1100 854 1150 de-loisir.

110 1173 166 1210 rus.
180 1162 228 1223 Ego
240 1175 297 1209 vero
451 1162 564 1219 Qumrus
583 1164 646 1210 Pour
661 1163 720 1221 moi,

110 1223 275 1283 raudierim;
416 1220 723 1285 j'entendraivolontiers;

110 1285 156 1334 nim
170 1299 243 1348 agam
254 1286 337 1346 potius
419 1299 465 1344 que
480 1286 594 1349 loreis-je
610 1301 641 1335 cn
654 1287 711 1335 cffet
722 1287 809 1350 plutdt,

110 1362 155 1410 quo
417 1360 448 1395 ou
463 1347 477 1396 d
492 1349 548 1409 quoi

109 1425 158 1459 ram
171 1410 258 1458 melius
419 1410 616 1473 cmploierais-je
629 1410 712 1461 mieux

110 1472 183 1522 liem‘?
419 1485 445 1519 co
458 1471 533 1532 jour?

110 1547 161 1584 uus.
174 1535 252 1597 Igitur
450 1535 560 1583 Mundus
577 1536 645 1583 Dono

110 1598 210 1661 angimus
418 1597 652 1656 quon'allons·nous

115 1662 195 1721 spatia
207 1664 292 1707 nostra
417 1659 431 1705 al
446 1661 654 1721 oespromenades
667 1659 751 1708 adtres

110 1721 158 1771 ne‘l
417 1724 442 1768 et
456 1721 470 1768 a
482 1735 521 1771 ces
533 1721 616 1784 sieges
624 1721 722 1771 notros?

110 1785 259 1845 Quiesoemus,
416 1783 447 1831 od
461 1798 522 1832 nous
537 1799 598 1832 nous
609 1798 762 1846 reposerons,

110 1847 132 1894 it
145 1848 297 1895 ambulatum
313 1847 386 1906 satis;
415 1847 496 1906 quand
509 1847 527 1895 il
541 1860 599 1896 aura
614 1847 653 1896 dte
667 1846 768 1896 marche
780 1860 866 1908 assem

110 1909 178 1957 decto
193 1908 324 1957 delectatio
414 1908 439 1956 ni
454 1910 610 1958 assurs'ment
622 1912 645 1958 le
662 1910 747 1973 plaisir

110 1971 177 2019 nobis
192 1972 361 2032 quaerentibus
414 1984 444 2020 ne
461 1986 594 2033 manquera
611 1973 699 2022 anons
714 1971 850 2021 cherchant

110 2047 121 2080 n
136 2034 191 2081 alio.
412 2047 460 2082 une
475 2036 550 2083 chose
561 2034 773 2084 a-la-suite-d'unc
785 2036 863 2082 autre.

110 2107 157 2144 :us
176 2097 224 2144 Nos
233 2110 301 2156 vero,
443 2098 555 2146 Arrmus.
573 2098 637 2146 Nous
650 2097 718 2146 troas
730 2096 859 2155 vraiment,

109 2158 209 2219 quidem
221 2160 251 2206 ad
267 2158 355 2219 linem,
412 2163 435 2206 ot
449 2159 535 2220 par-ici
551 2164 628 2208 certes
642 2174 696 2209 vers
705 2161 728 2208 le
743 2158 816 2218 Liris,

110 2225 136 2280 at,
411 2221 519 2271 s'ilsocs
531 2221 600 2283 plait,

110 2297 146 2330 rm
161 2288 185 2330 et
199 2285 319 2332 umbram.
410 2298 454 2345 par
469 2287 492 2332 le
504 2286 586 2346 rivage
600 2293 624 2332 et
637 2283 747 2332 l‘ombre.

110 2358 174 2404 iaeso,
190 2345 269 2394 ordire
283 2345 335 2408 jam
412 2346 482 2405 llais,
495 2347 520 2418 je
533 2347 628 2409 teprie,
641 2343 941 2394 commenccmaintcnant

110 2422 132 2456 re
147 2408 207 2468 quid
220 2408 312 2457 sentias
410 2409 424 2455 d
437 2410 563 2468 expliquer
576 2421 657 2468 caque
669 2412 696 2454 tu
708 2419 796 2468 penses

119 2470 194 2518 civili.
410 2471 443 2518 du
454 2470 519 2518 droit
531 2469 596 2518 civil.

110 2543 148 2580 ns.
162 2530 264 2595 Egone?
408 2534 520 2581 Mantus,
535 2530 603 2581 lloi‘?

110 2608 190 2643 ,mmos
407 2594 436 2644 de
447 2608 524 2658 pense
539 2596 583 2644 des
598 2595 708 2643 hommes
722 2591 862 2653 superieurs

110 2661 214 2704 inostra
226 2656 331 2716 civitate,
407 2659 474 2707 avoir
488 2657 528 2706 ete
543 2658 605 2717 daps
619 2660 688 2705 notre
701 2655 757 2715 cite,

110 2719 123 2766 ti
131 2719 211 2766 sintid
220 2719 378 2780 interpretari
407 2721 449 2781 qui
460 2726 502 2769 ont
512 2724 671 2769 eu-coutume
684 2717 868 2780 del'expliquer
881 2721 937 2782 [ple,

110 2781 206 2829 msitare
217 2783 315 2843 populo,
405 2788 430 2831 et
443 2782 821 2832 dsdonner-dcs-consultations
833 2796 863 2830 au
877 2797 937 2844 peu·

117 2844 243 2904 professos
259 2857 347 2906 magna
404 2845 466 2894 mais
488 2859 535 2894 eux
548 2851 620 2909 ayant
640 2845 752 2892 annonce
770 2845 800 2892 de
828 2847 936 2911 grandes

110 2910 182 2954 satos
195 2906 220 2953 in
235 2907 323 2967 parvis.
404 2908 476 2956 s'dtre
489 2912 560 2956 tenus
575 2910 637 2956 dans
654 2907 684 2954 de
698 2907 795 2967 petitas.
843 2908 935 2969 [choses

110 2969 198 3016 tanim
213 2973 316 3017 tantum.
404 2970 517 3027 Qu'cst-il
532 2985 563 3018 en
578 2969 635 3017 effet
644 2969 675 3017 de
685 2969 800 3033 si-grand

110 3044 119 3077 n
132 3029 173 3092 jus
188 3030 314 3079 civitatis?
403 3046 449 3093 que
460 3034 482 3080 le
496 3033 561 3079 droit
575 3033 647 3080 d’une
660 3031 726 3081 cite?

111 3097 160 3141 tom
181 3096 230 3141 tam
249 3094 373 3156 exiguum,
402 3095 464 3142 mais
478 3094 534 3154 quoi
550 3095 581 3142 de
597 3094 617 3141 si
632 3093 712 3141 minoe

110 3163 123 3203 a
136 3169 224 3204 munus
239 3170 323 3204 eorum
402 3158 479 3216 qu’est
492 3158 515 3205 la
529 3156 638 3204 fonction
651 3156 682 3203 de
696 3169 757 3205 ceux

110 3218 224 3275 mluntur,
402 3219 443 3279 qui
452 3226 507 3266 sont
521 3219 653 3277 consultos,

110 3293 138 3327 rm
154 3283 192 3328 est
401 3281 547 3341 quoiqu'elle
560 3280 608 3328 soit

110 3343 163 3390 ium
178 3341 287 3403 populo?
400 3342 537 3391 necessaiuc
550 3357 581 3392 au
593 3341 699 3405 peuple?

110 3417 120 3451 o
135 3405 249 3453 existimo
400 3407 427 3455 Et
440 3405 561 3454 vraiment
572 3405 597 3469 je
613 3420 643 3453 nc
657 3420 733 3468 pense
747 3420 790 3469 pas
806 3442 810 3453 .

110 3467 261 3529 praeluerunt
399 3481 460 3518 ceux
472 3469 514 3528 qui
531 3471 574 3517 ont
585 3468 806 3532 ete-los-premiers
