2316 4080
171 289 203 342 ao
473 287 515 336 on
532 275 668 337 eternus.
684 282 771 335 tisun
784 286 812 334 r.

172 406 294 465 animer
314 409 356 460 tot
377 400 558 460 animantium
579 401 728 476 generibus
747 409 832 476 atque
846 402 951 458 naturis
966 402 1103 478 particeps

127 524 132 555 r
172 483 286 544 rationis
296 491 324 540 et
333 482 518 557 cogitationis,
530 499 592 540 oum
608 491 702 539 cetera
714 482 769 539 sint
782 481 874 538 omnia
886 483 1022 557 expertia.
1038 484 1103 550 Quid

172 575 212 625 est
227 573 329 633 eutem,
345 581 398 620 non
412 563 500 620 dicam
520 563 549 618 in
569 563 687 633 homine,
713 562 762 620 sed
784 564 813 619 in
839 564 913 620 omni
937 563 1005 621 oaelo
1025 572 1103 639 atque

174 655 258 715 terra,
280 643 388 701 ratione
406 642 546 700 divinius?
571 660 643 717 quae,
662 660 724 701 oum
748 643 867 700 adolevit
886 651 967 717 etque
987 646 1104 718 perfecta

135 773 137 784 .
174 735 225 795 est,
240 722 611 803 nominaturritesaprewnstia.

194 805 257 863 -Est
278 804 373 880 igitur,
396 804 525 879 quoniam
546 802 618 860 nihil
642 810 684 861 est
704 804 808 861 ratione
831 804 937 872 melius,
959 822 1047 879 eaque
1069 814 1105 862 est

174 895 202 944 et
213 885 242 941 in
256 885 365 942 homine
376 892 404 941 et
415 884 444 940 in
458 885 525 953 Deo,
540 883 629 957 prima
650 883 754 940 homini
774 901 836 941 omn
855 884 911 941 Deo
935 884 1049 942 rationis
1066 904 1105 943 so·

173 966 275 1030 cietas3
290 965 364 1022 inter
383 980 452 1038 quos
475 972 567 1021 autem
592 963 673 1033 ratio,
695 962 769 1020 inter
795 964 906 1020 eosdem
929 965 1015 1022 etiam
1037 972 1105 1022 reeta

174 1045 243 1103 ratio
257 1044 409 1103 eommunis
420 1052 476 1113 est;
492 1060 554 1117 quaa
563 1060 626 1100 enm
639 1044 675 1100 sit
690 1042 743 1114 lex,
759 1044 821 1118 lege
835 1061 944 1119 quoque
959 1044 1104 1103 consociati

175 1126 300 1183 homines
313 1142 375 1183 oum
388 1125 439 1182 diis
454 1123 568 1198 putandi
583 1141 686 1181 sumus.
704 1124 779 1181 lnter
794 1142 863 1198 quos
877 1141 962 1198 porro
979 1134 1022 1183 est
1036 1143 1104 1182 com-

175 1207 267 1264 munio
281 1206 362 1280 legis,
374 1205 448 1263 inter
462 1221 509 1260 eos
522 1204 677 1261 communio
687 1204 759 1271 juris
769 1212 825 1273 est;
840 1205 940 1278 quibus
952 1214 1044 1264 autem
1055 1205 1106 1262 haeo

176 1295 239 1344 sunt
252 1287 324 1344 inter
345 1303 391 1343 eos
410 1284 573 1354 eommunia,
589 1282 609 1340 ii
624 1283 740 1341 civitatis
758 1284 879 1358 eJusdem
894 1285 1015 1342 habendi
1033 1293 1106 1352 sunt;

177 1368 279 1425 sivero
307 1366 396 1423 isdem
420 1365 545 1439 imperiis
561 1372 588 1421 et
609 1364 794 1438 potestatibus
817 1373 924 1439 parent,
948 1366 1039 1423 multo
1058 1366 1106 1439 jan

177 1448 281 1522 magis;
304 1454 401 1521 parent
426 1453 517 1502 autem
539 1444 602 1501 huie
628 1444 730 1502 caelesti
758 1445 949 1520 descriptioni,
974 1445 1107 1519 mentique

178 1528 317 1585 divinaret
331 1523 494 1602 praepotenti
505 1526 576 1594 lle03
589 1533 622 1582 ut
629 1524 688 1598 jam
702 1524 849 1582 universus
865 1525 911 1582 hic
926 1525 1048 1583 muudus
1059 1541 1106 1582 una

179 1608 274 1666 civitas
295 1608 333 1666 sit
356 1605 508 1664 eommunis
530 1605 645 1663 deorum
666 1614 748 1679 atque
765 1605 907 1663 hominum
920 1604 1104 1662 existimanda.

179 1767 301 1827 destinde
316 1784 322 1822 :
339 1766 411 1836 seul,
426 1767 461 1823 de
480 1774 542 1823 taut
562 1764 705 1838 d'espdoes
721 1774 748 1822 et
763 1765 798 1822 de
811 1775 925 1822 natures
941 1766 1105 1833 donimani,

181 1858 201 1914 il
215 1853 351 1933 participe
364 1855 380 1912 d
394 1855 422 1912 la
433 1854 525 1911 raison
545 1860 572 1910 et
586 1852 603 1909 d
616 1852 643 1909 la
663 1854 776 1928 pensde,
793 1854 885 1912 tandis
900 1872 954 1928 que
969 1854 1011 1912 les
1026 1863 1110 1912 autres

181 1966 216 2005 en
243 1952 306 2003 sont
326 1945 490 2019 ddpourvus.
520 1941 567 2011 Or,
596 1941 661 2016 qu’p
684 1942 772 2012 a·t·il,
799 1943 829 2017 je
854 1960 889 2000 ne
907 1944 950 2000 dis
971 1961 1024 2018 pas
1048 1945 1108 2001 dans

180 2033 318 2104 l’homme,
341 2034 410 2090 mais
436 2032 572 2089 danstout
595 2030 622 2088 le
645 2031 698 2088 oiel
713 2039 740 2090 et
763 2031 790 2088 la
808 2040 895 2103 terre,
917 2032 951 2089 de
971 2033 1034 2108 plus
1047 2031 1112 2090 divin

183 2143 236 2200 que
248 2125 276 2181 la
287 2123 397 2180 raison?
411 2121 439 2178 la
453 2121 546 2178 raison
560 2120 617 2194 qui,
635 2119 794 2195 lorsqu’elle
809 2121 898 2196 apris
915 2139 947 2179 sa
960 2122 1112 2180 oroissanoe

185 2223 213 2272 et
240 2219 282 2270 est
306 2210 413 2269 errivde
437 2210 454 2268 d
477 2210 506 2267 la
530 2208 693 2284 perfeetion,
709 2226 740 2268 se
762 2227 871 2268 nomme
894 2220 1074 2286 proprement
1093 2209 1113 2265 la

188 2314 312 2377 sagesse.

224 2392 247 2449 ll
267 2409 284 2468 y
302 2409 319 2448 a
340 2390 418 2456 dono,
432 2389 550 2466 puisque
569 2389 630 2445 rien
651 2387 723 2446 n’est
741 2388 869 2446 meilleur
890 2406 943 2463 que
966 2390 995 2447 la
1017 2391 1113 2456 raison,

189 2489 283 2556 etque
299 2481 327 2538 la
342 2479 435 2538 raison
449 2487 490 2536 est
503 2477 569 2535 dans
583 2477 654 2534 Dieu
667 2484 697 2535 et
714 2476 783 2535 dans
805 2477 949 2548 l'homme,
969 2478 990 2534 il
1005 2498 1023 2555 y
1038 2497 1054 2536 a
1069 2492 1114 2534 uno

189 2560 327 2646 premiere
343 2569 446 2627 sooidtd
460 2567 493 2624 de
508 2567 600 2623 raison
615 2565 650 2622 de
663 2566 793 2623 l’homme
807 2583 874 2625 aveo
888 2568 967 2624 llien.
983 2568 1032 2638 Or,
1046 2568 1073 2625 ld
1084 2565 1113 2623 od

190 2660 217 2716 la
226 2660 320 2716 raison
332 2668 374 2731 est
385 2671 538 2725 commune,
552 2654 580 2711 le
592 2653 680 2712 droite
694 2655 787 2713 raison
799 2656 862 2714 l’est
876 2657 967 2726 aussi3
983 2665 1012 2714 et
1021 2669 1115 2715 comme

191 2747 301 2806 aelle-oi
317 2755 358 2804 est
371 2746 399 2802 la
417 2744 475 2815 lei„
487 2760 558 2800 nous
572 2742 684 2814 devons‚
702 2761 752 2818 par
771 2745 799 2802 la
819 2745 869 2815 loi,
892 2763 961 2803 nous
982 2747 1115 2821 regarder¹

191 2854 261 2894 nous
275 2843 368 2893 autres
385 2833 519 2901 hommes,
542 2847 649 2888 comme
669 2849 704 2889 en
718 2833 822 2891 societe
840 2850 906 2891 aveo
922 2834 964 2892 les
983 2835 1074 2893 dieux.
1087 2830 1117 2890 ld

193 2926 263 2983 done
285 2925 321 2981 ou
338 2924 357 2980 il
378 2941 395 2999 y
415 2940 432 2980 a
454 2922 645 2980 commuueute
667 2921 701 2979 de
719 2921 768 2991 loi,
784 2922 804 2978 il
818 2940 867 2998 pa
886 2925 1080 2983 eommunautd
1091 2922 1116 2979 de

192 3015 275 3084 droit,
289 3023 317 3071 et
328 3030 397 3070 oeux
406 3029 460 3086 une
476 3011 512 3068 lie
523 3028 576 3068 une
585 3010 651 3067 telle
666 3013 858 3069 eommunautd
870 3013 984 3071 doivent
998 3017 1060 3072 dtre
1081 3028 1117 3068 re·

195 3105 296 3179 gardis
311 3119 416 3161 oomme
430 3101 530 3159 faisant
542 3100 633 3175 partie
648 3101 681 3158 de
695 3100 723 3157 la
736 3103 824 3158 meme
842 3101 908 3173 cite;
921 3103 989 3160 bien
1005 3105 1067 3179 plus
1080 3118 1117 3160 en·

196 3204 271 3263 tore,
288 3192 344 3250 s’ils
358 3191 497 3250 obiissent
511 3209 565 3248 aux
576 3193 679 3248 memes
688 3190 813 3248 volontds
828 3199 856 3249 et
867 3209 920 3248 aux
934 3196 1039 3251 memes
1054 3192 1118 3269 puis·

196 3290 302 3342 sannas.
319 3274 365 3352 Or,
376 3278 412 3339 its
426 3281 565 3340 obiissent
580 3281 597 3338 d
611 3288 684 3339 cette
697 3280 797 3338 celeste
809 3281 994 3349 ordonnanee,
1006 3301 1043 3342 au
1055 3280 1119 3342 dirin

198 3371 296 3448 esprit,
309 3390 345 3431 au
363 3371 433 3429 llieu
449 3371 661 3446 tout-puissant3
678 3370 713 3427 de
727 3378 801 3428 sorte
816 3389 868 3446 que
883 3380 943 3430 tout
959 3381 1002 3432 oet
1017 3364 1119 3431 univers

198 3460 256 3524 doit
275 3465 334 3523 dtre
354 3460 498 3522 oonsidird
516 3477 623 3520 comme
639 3475 693 3519 une
709 3458 763 3519 cite
778 3476 922 3521 commune
936 3479 989 3521 aux
1007 3464 1089 3525 diem
1100 3465 1121 3518 et
