2316 4080
188 287 217 337 tt
491 284 531 335 ol:
549 284 679 335 luctans.
705 240 793 335 Llllllll
813 285 832 332 1.

186 418 244 456 rem
258 410 377 475 tempus,
391 417 453 475 quae
467 408 508 457 ast
523 399 650 457 anostris
663 399 819 458 hominibus
833 397 923 455 adhuc
933 406 981 455 aut
993 398 1115 471 ignorata
1151 460 1153 470 Α

187 497 235 546 aut
250 489 353 546 relicta.
379 489 445 545 Nam
463 498 525 564 post
538 488 650 545 annales
671 488 830 563 pontificum
851 486 1045 555 maximorum,
1059 487 1114 560 qui·
1152 481 1154 494 '

185 577 237 634 bus
248 577 318 633 nihil
331 586 419 651 potest
434 595 494 634 esse
510 578 641 651 jejunius,
655 578 677 633 si
694 585 741 634 aut
755 576 789 632 ad
806 575 921 632 Fabium
932 575 1028 632 autad
1042 592 1112 642 eum,
1147 587 1156 657 n

186 665 233 738 qui
248 665 297 721 tibi
313 683 421 738 semper
431 666 459 722 in
472 683 519 723 ore
535 673 585 736 est,
601 666 741 735 Catonem,
757 664 851 721 autad
867 664 1007 733 Pisonem,
1025 663 1114 721 autad
1147 660 1155 680 ⁶·

186 753 327 824 Fannium,
342 763 388 811 aut
402 755 437 811 ad
450 755 622 812 Vennonium
636 755 742 821 venias,
756 769 922 828 quamquam
943 770 977 808 ex
992 752 1037 809 his
1053 753 1115 808 alius
1148 761 1152 805 t

187 842 240 898 alio
253 843 315 916 plus
329 843 411 900 habet
421 843 532 911 virium,
548 851 638 899 tamen
653 842 719 917 quid
736 850 791 898 tam
813 842 884 898 exile
901 858 986 916 quam
1001 840 1049 898 isti
1067 858 1115 897 om·

186 931 256 987 ncs‘l
270 931 364 987 Fannii
381 942 473 988 autem
489 931 563 989 aetati
580 933 740 1004 conjunctus
754 930 896 1005 Antipater
909 929 999 1004 tpaulo
1020 929 1115 986 inflavit
1149 924 1155 990 s

185 1020 385 1089 vehementius,
410 1020 559 1095 habuitque
587 1021 659 1076 vires
681 1027 807 1093 agrestes
834 1018 881 1076 ille
903 1019 1017 1092 quidem
1041 1028 1115 1091 atquc
1147 1023 1156 1095 r

186 1107 323 1178 horridas,
338 1109 397 1165 sine
413 1109 501 1165 nitore
516 1126 548 1164 ac
562 1109 701 1183 polaestra,
717 1108 766 1164 sed
780 1116 873 1165 tamen
887 1107 1038 1164 admonere
1055 1106 1114 1162 reli·
1147 1103 1157 1179 ζ

187 1213 257 1269 quos
272 1197 370 1270 potuit,
387 1207 417 1254 ut
431 1197 585 1254 accuratius
596 1198 756 1253 scriberent.
770 1196 838 1253 Ecce
854 1204 945 1254 autem
961 1211 1114 1252 successere
1148 1211 1157 1242 r

187 1284 252 1341 huic
265 1286 330 1343 belli
346 1305 353 1342 :
368 1285 488 1355 Clodius,
502 1286 620 1354 dscllio;
634 1286 701 1342 nihil
720 1284 755 1342 ad
775 1285 901 1351 Coelium,
914 1284 964 1341 sed
979 1284 1072 1357 potius
1087 1281 1114 1339 ad
1148 1282 1153 1303 “

188 1373 366 1448 antiquorum
377 1374 539 1448 languorem
553 1384 581 1431 et
593 1374 741 1431 inscitiam.

227 1463 294 1519 Nam
320 1463 400 1536 quidv
417 1463 537 1520 llacrum
566 1463 727 1519 numerem‘l
754 1463 831 1536 cujus
858 1461 1013 1535 loquacitas
1039 1462 1114 1518 habet

190 1549 294 1624 aliquid
308 1552 487 1625 argutiarum,
504 1569 555 1609 nec
572 1553 601 1608 id
620 1561 711 1609 tamen
723 1569 757 1608 ex
774 1551 822 1607 illa
840 1550 949 1608 erudita
963 1551 1113 1608 Graecorum
1148 1541 1157 1616 ιζ

189 1640 278 1713 copia,
290 1640 339 1697 sed
352 1659 383 1697 ex
396 1632 543 1699 librariolis
562 1641 670 1710 latinis;
684 1641 713 1697 in
728 1639 899 1697 orationihus
918 1647 1010 1696 autem
1025 1638 1112 1704 multe,
1148 1648 1157 1679 ἓ

190 1844 278 1909 temps
292 1853 362 1911 pour
374 1854 411 1893 un
425 1836 521 1894 travail
532 1835 642 1910 jusqu’d
661 1836 773 1910 present
787 1835 884 1909 ignore
900 1852 937 1893 ou
956 1835 1068 1909 neglige
1086 1833 1114 1890 de

190 1946 240 1985 nos
254 1937 381 1999 auteurs3
398 1947 444 1987 car
458 1931 538 2005 apres
555 1930 597 1986 les
613 1929 727 1986 annales
743 1931 792 1987 dcs
809 1930 911 2003 grands
930 1930 1060 2003 pontiles,
1073 1926 1113 2002 qui
1149 1958 1156 1989 v

190 2032 252 2079 sont
266 2040 296 2078 oe
311 2022 407 2098 qu'ily
426 2041 442 2080 a
465 2025 498 2080 de
513 2022 574 2098 plus
593 2041 640 2080 sec
661 2041 697 2081 au
711 2024 822 2093 monde,
842 2023 865 2080 si
884 2040 953 2080 nous
972 2019 1113 2097 passonsl
1149 2020 1156 2086 ’ὴ

188 2114 298 2185 Fabius,
313 2133 350 2172 ou
365 2116 381 2172 a
396 2117 466 2173 celui
479 2117 545 2174 dont
563 2134 631 2174 vous
653 2134 718 2174 aven
741 2135 805 2175 sans
829 2134 905 2174 cesse
921 2118 947 2174 le
966 2133 1030 2173 nom
1053 2116 1068 2172 d
1088 2116 1111 2170 la

186 2205 302 2276 bouche,
315 2207 331 2264 a
344 2217 419 2265 votre
434 2209 528 2277 (laton,
542 2226 577 2266 ou
591 2209 654 2266 bien
668 2227 767 2267 encore
782 2213 798 2268 d
814 2211 907 2279 Pison,
924 2210 940 2268 a
954 2207 1110 2277 Fanniusl

190 2297 351 2370 Vennonius,
373 2318 407 2358 en
423 2303 574 2360 admettant
586 2320 639 2377 que
660 2302 748 2377 parmi
764 2320 817 2359 oux
835 2302 890 2359 l’un
910 2303 965 2359 soit
987 2303 1049 2376 plus
1062 2302 1112 2357 fort
1150 2294 1154 2361 ζ

188 2409 241 2465 que
266 2392 374 2460 l’autre,
401 2397 464 2471 quoi
490 2396 523 2453 de
546 2398 609 2471 plus
635 2396 724 2453 mince
748 2396 903 2472 cependant
929 2413 982 2469 que
1008 2397 1034 2453 le
1058 2401 1112 2452 tout
1152 2418 1154 2424 ·

188 2486 345 2544 ensemhle‘l
365 2489 402 2546 Le
423 2491 628 2564 contemporain
649 2490 682 2547 de
706 2489 834 2559 Fannius,
853 2489 945 2546 tlelius
964 2490 1110 2564 Antipater,
1152 2505 1154 2550 ι

186 2578 262 2636 eleva
275 2580 340 2637 bien
363 2599 399 2637 un
419 2599 473 2655 peu
497 2582 523 2639 lc
543 2590 604 2648 ton;
619 2582 639 2637 il
654 2589 761 2640 montra
784 2600 837 2638 une
857 2581 978 2639 certaine
1000 2583 1112 2656 vigueur
1152 2579 1154 2610 ⁵

186 2672 255 2728 rude
276 2682 305 2731 et
323 2673 436 2742 inculte,
452 2691 515 2731 sans
538 2674 619 2741 dclat,
641 2692 704 2731 sans
725 2685 781 2744 art;
804 2676 841 2731 du
864 2675 953 2731 moins
971 2671 1111 2749 pouvait-il
1153 2667 1154 2671 ’

187 2766 289 2821 avertir
300 2765 341 2823 les
355 2775 448 2824 autres
460 2767 576 2824 d’ecrire
591 2785 656 2824 avec
670 2767 731 2843 plus
743 2769 777 2825 dc
791 2769 863 2837 soin;
879 2770 949 2826 mais
964 2768 1035 2825 voilia
1050 2764 1111 2842 qu’il

186 2865 232 2913 eut
250 2875 319 2932 pour
338 2876 512 2917 successeurs
535 2861 569 2918 de
590 2862 655 2935 Jolis
683 2861 843 2931 historiens,
869 2879 906 2917 un
931 2860 1054 2928 Clodius,
1077 2874 1109 2914 un

186 2950 318 3021 Asellion,
332 2953 377 3025 qui
391 2969 420 3009 se
435 2954 573 3026 rc'gldrent
589 2955 676 3011 moins
688 2973 736 3011 sur
754 2973 803 3012 son
818 2955 941 3028 exempla
954 2973 1007 3029 que
1024 2970 1071 3011 sur
1085 2951 1109 3005 ln

186 3043 319 3116 platitude
335 3053 361 3102 et
382 3046 551 3120 l’ignorance
564 3048 613 3105 des
628 3049 748 3105 arciens.

222 3141 417 3217 Gompterai-Je
446 3145 545 3215 llacer,
563 3146 628 3203 dont
656 3148 683 3203 le
706 3146 863 3220 havardage
879 3164 895 3202 a
910 3146 974 3203 bien
994 3145 1109 3219 quelque

186 3236 338 3313 agrement,
352 3238 422 3294 mais
437 3239 470 3295 de
483 3241 553 3296 celui
568 3241 650 3314 qu’on
667 3249 773 3309 trouve,
788 3257 841 3296 non
863 3241 932 3297 dans
951 3239 991 3296 les
1005 3245 1109 3296 savants

185 3333 288 3390 tresors
303 3332 352 3390 des
373 3336 466 3404 Grecs‚
487 3337 559 3394 mais
583 3337 650 3395 dans
675 3354 725 3394 nos
742 3337 841 3394 chetils
867 3336 986 3394 recueils
1010 3333 1107 3394 latins?

185 3424 259 3484 llans
273 3443 317 3486 ses
333 3427 469 3499 discours,
492 3433 548 3487 une
569 3431 707 3504 prolixitd,
722 3447 777 3488 una
791 3430 993 3490 inconvenanca
1010 3431 1057 3505 qni
1078 3443 1108 3483 va
