2316 4080
102 291 132 342 88
396 293 435 341 DE
455 291 594 343 LEGIBUS.
618 293 707 342 LIBER
725 293 745 341 1.

136 409 257 466 Manuos.
279 407 503 477 Prudentissime,
529 407 638 478 Quinte,
663 407 748 476 dicis;
772 424 837 464 nam
863 423 926 481 quae
954 423 970 462 a
992 421 1024 460 me
1064 474 1071 489 μ

104 481 193 537 adbuc
206 480 278 536 dicta
291 488 355 536 sunt
357 523 424 536 ......

1066 537 1070 560 1

137 570 268 634 inivrus.
289 569 342 625 Nec
355 568 470 645 Lycurgi
485 569 668 642 leges,neque
684 567 802 638 Solonis,
815 584 907 641 neque
918 567 1026 624 Gbaron·
1065 561 1070 630 i

102 642 154 708 dae,
161 657 249 714 neque
258 640 365 698 Zaleuci
374 658 424 697 nec
431 650 539 697 nostras
547 640 697 697 Duodecim
702 640 823 696 Tabulas
831 656 884 696 nec
895 637 1027 712 plebiscita

102 711 239 778 desidero,
255 714 303 768 sed
326 723 353 769 te
372 712 496 770 existimo
512 729 572 768 cum
590 711 709 785 populis,
730 718 787 767 turn
808 711 896 767 etiam
919 710 1026 781 singulis
1068 726 1071 755 2

102 783 235 839 hodierno
251 802 376 841 sermone
391 783 466 856 leges
478 783 586 839 vivendi
599 791 627 839 et
640 782 812 856 disciplinam
830 783 974 839 daturum.
1070 787 1071 795 ’

137 871 260 929 blancus
281 873 329 930 Est
348 872 430 944 bujus
456 889 520 928 vero
543 871 743 954 disputationis,
767 870 880 952 Quinte,
894 871 1027 999 proprium

101 942 139 1012 id,
165 945 238 1016 quod
262 952 412 1018 exspectas
441 951 523 1017 atque
548 953 653 998 utinam
679 951 752 999 esset
778 951 862 998 etiam
909 943 1028 998 acuitatis

101 1016 185 1071 meae!
203 1015 256 1071 Sed
279 1015 399 1090 profecto
421 1014 459 1070 ita
477 1032 505 1070 se
525 1031 570 1070 res
584 1014 677 1082 babet,
699 1021 738 1083 ul,
756 1013 890 1086 quoniam
907 1013 1028 1070 ‘vitiorum

102 1087 312 1143 emendatricem
327 1087 416 1157 legem
425 1102 485 1141 esse
497 1093 605 1158 oportet
617 1084 937 1158 commendatricemque
950 1085 1027 1140 virtu·

102 1164 171 1226 tum,
180 1159 215 1213 ab
228 1175 260 1214 ea
271 1159 377 1215 vivendi
389 1157 643 1213 doctrinaducatur.
661 1157 703 1213 lta
717 1156 756 1224 fit,
769 1164 800 1212 ut
815 1165 906 1213 mater
918 1156 1027 1214 omniun

101 1227 234 1284 bonarum
256 1247 350 1285 rerum
365 1228 400 1284 sit
418 1228 562 1309 sapientia,
585 1246 601 1284 a
623 1228 701 1300 cujus
723 1244 815 1283 amore
837 1245 931 1302 graeco
956 1228 1027 1284 verbo

101 1299 275 1375 philosophia
298 1316 396 1357 nomeu
416 1299 532 1368 invenit,
556 1316 610 1380 qna
632 1298 701 1354 nihil
727 1315 743 1354 a
766 1299 806 1354 dis
833 1300 1028 1356 immortalibus

101 1371 225 1441 uberius,
248 1372 317 1428 nibil
339 1371 492 1439 florentius,
512 1370 581 1425 nibil
602 1369 786 1443 praestabilius
805 1370 952 1428 hominum
976 1371 1028 1426 vite

102 1442 195 1498 datum
210 1452 262 1500 est.
276 1443 339 1500 Haec
354 1443 427 1498 enim
446 1459 502 1498 una
513 1459 563 1498 uos
584 1459 645 1496 cum
659 1449 767 1497 ceteras
779 1459 825 1496 res
842 1459 950 1511 oroneo,
967 1451 1026 1510 tum,

102 1515 175 1585 quod
190 1522 232 1570 est
246 1514 448 1583 difficillimum,
468 1513 571 1581 docuit,
591 1521 621 1569 ut
641 1513 823 1585 nosmetipsos
838 1529 1026 1578 nosceremus;

103 1585 182 1657 cujus
196 1585 328 1668 praecepti
349 1594 425 1642 tanta
448 1585 490 1640 vis
508 1592 536 1641 et
550 1592 626 1640 tanta
647 1584 782 1640 sententia
806 1593 858 1655 est,
879 1594 911 1643 ut
932 1603 964 1642 ea
983 1600 1027 1639 nou

102 1656 206 1712 bomini
222 1657 350 1731 cuipiam,
366 1657 415 1714 sed
428 1656 559 1731 Delphico
572 1656 624 1712 deo
636 1655 815 1712 tribueretur.

139 1886 266 1943 Manuos.
286 1886 359 1942 Vous
378 1885 472 1960 parler
491 1885 549 1942 tres
562 1893 712 1959 sagrament,
729 1885 856 1956 Quintus,
879 1904 927 1943 car
942 1905 972 1944 ce
986 1902 1028 1960 que

101 1967 148 2040 j’ai
163 1967 203 2023 dit
215 1965 378 2040 jusqu’ici...

139 2065 274 2129 Quinum.
294 2062 326 2118 le
339 2079 374 2117 ne
390 2061 561 2117 demandeui
577 2060 616 2119 les
631 2061 682 2118 lois
695 2062 729 2118 de
744 2063 900 2137 Lycurgus,
913 2066 940 2120 ni
956 2063 1029 2120 celles

103 2145 137 2200 de
158 2143 248 2211 Solon,
269 2142 312 2198 de.
323 2141 489 2210 Charondas‚
510 2158 546 2198 ou
560 2142 594 2198 de
609 2142 749 2210 Zaleucus,
764 2161 820 2199 non
838 2145 901 2217 plus
922 2163 975 2219 que
989 2160 1029 2200 nos

102 2224 147 2278 1111
160 2223 268 2293 Tables,
285 2240 320 2280 on
332 2240 381 2279 nos
393 2221 563 2297 plebiscites.
577 2222 608 2278 le
628 2239 714 2296 pense
727 2223 883 2281 seulement
895 2242 960 2299 que,
972 2225 1029 2281 dans

102 2302 258 2360 l'entretieu
275 2302 487 2377 d'aujourd’hui,
504 2318 570 2359 vous
585 2303 667 2360 devez
681 2303 788 2358 donner
802 2321 857 2360 une
872 2305 910 2361 loi
924 2305 958 2362 de
971 2322 1028 2361 con-

103 2383 189 2453 duite,
199 2402 234 2440 uu
245 2383 399 2457 reglement
407 2383 440 2439 de
451 2384 507 2452 vie,
521 2391 580 2440 tant
590 2401 642 2439 aux
649 2382 764 2457 pcuples
779 2384 1029 2457 qu’auxindividru.

138 2481 265 2540 blancus.
286 2483 362 2539 Telle
389 2489 441 2550 cst,
470 2497 504 2537 en
529 2481 602 2550 effet,
617 2480 644 2538 la
661 2482 757 2555 porte'e
785 2481 819 2537 de
845 2491 918 2541 cette
936 2484 1030 2539 discus·

102 2561 173 2631 sion,
190 2563 323 2632 Quiutns;
338 2571 365 2619 et
379 2562 408 2634 je
422 2561 550 2617 voudrais
562 2579 616 2635 que
631 2579 661 2616 ce
680 2561 719 2616 ivit
732 2560 800 2616 celle
817 2562 850 2618 de
865 2581 924 2619 mes
938 2565 1029 2620 forces.

102 2640 169 2696 lllais
185 2643 256 2697 enlm
271 2644 299 2698 la
312 2643 397 2698 verite
420 2653 464 2698 est
484 2659 550 2714 que,
572 2640 700 2714 puisqu’il
720 2640 778 2697 faut
798 2641 865 2714 qu’il
883 2645 969 2700 existe
985 2659 1032 2699 une

103 2719 141 2776 loi
165 2738 235 2793 pour
249 2721 372 2793 corrigar
386 2720 426 2777 les
440 2723 516 2776 vices
532 2728 560 2778 et
575 2721 680 2792 dirigar
699 2719 740 2775 les
756 2729 861 2792 vertus,
878 2724 946 2781 c’cst
961 2723 1033 2781 d’elie

105 2816 158 2872 que
171 2799 227 2856 doit
248 2800 354 2856 deriver
366 2808 442 2857 tonte
457 2800 485 2856 la
501 2799 608 2862 sciencc
624 2800 656 2855 de
669 2799 753 2856 vivre.
774 2800 845 2857 C'est
859 2804 932 2860 ainsi
947 2823 999 2878 que
1011 2804 1034 2858 la

105 2879 180 2934 mere
192 2879 226 2935 de
241 2888 330 2937 tontes
342 2879 384 2937 les
393 2889 486 2937 vertus
501 2888 544 2936 est
557 2880 585 2937 la
595 2892 718 2951 sogesse,
735 2880 800 2936 dont
811 2881 931 2940 l'amour
947 2902 963 2941 a
975 2901 1034 2958 pro-

106 2957 164 3014 duit
186 2957 251 3014 cher
271 2959 311 3016 les
333 2960 415 3018 Grecs
439 2960 465 3017 le
483 2978 547 3016 nom
569 2960 603 3015 de
628 2960 655 3015 la
675 2961 866 3031 philosophie,
883 2963 1033 3037 presentie

106 3039 169 3112 plus
183 3038 269 3108 riche,
292 3041 317 3096 le
331 3041 394 3115 plus
410 3042 537 3111 delatam,
554 3040 581 3097 lc
600 3039 728 3096 meilleur
747 3040 818 3096 enfin
835 3060 890 3116 que
904 3044 946 3100 les
962 3046 1035 3100 dieux

106 3117 257 3173 immortels
272 3119 345 3178 aient
359 3122 439 3179 faita
459 3123 486 3179 la
505 3122 547 3178 vie
570 3119 710 3176 hnmaiue.
733 3120 824 3189 Scule,
841 3138 876 3176 en
897 3124 971 3193 citet,
989 3123 1035 3180 elle

106 3214 175 3253 nous
189 3213 205 3252 a
217 3199 358 3270 enseigne,
373 3219 436 3258 sans
450 3209 574 3276 compter
593 3206 652 3256 tout
665 3199 690 3254 le
706 3207 791 3267 reste,
809 3217 840 3256 ce
855 3203 925 3274 qu’il
945 3223 961 3277 y
976 3222 991 3260 a
1007 3203 1037 3258 de

71 3285 74 3291 '
107 3276 168 3350 plus
181 3276 291 3333 difficile
303 3296 339 3335 au
353 3283 461 3352 monde,
478 3282 495 3338 a
508 3298 578 3339 nous
594 3283 733 3335 connaitre
745 3285 959 3339 nous-memes:
978 3284 1039 3358 prd-

108 3362 186 3428 cepte
210 3355 275 3413 dont
299 3358 327 3415 la
349 3359 494 3433 puissance
516 3369 544 3416 et
565 3360 591 3415 la
614 3358 784 3432 profondeur
807 3367 849 3415 est
871 3361 938 3419 telle
961 3363 1039 3436 qu'ou

109 3435 209 3494 u'osait
224 3435 381 3496 l’attribuer
395 3439 413 3498 a
425 3458 462 3497 un
477 3441 596 3510 homme,
612 3437 681 3495 mais
693 3453 730 3495 au
742 3437 804 3494 dicu
818 3438 851 3495 de
866 3439 998 3515 Delphos.
