2316 4080
182 307 214 358 ll
475 307 513 356 DE
529 306 663 356 LEGIBUS.
682 305 772 356 LIBER
791 305 810 354 Ι.

183 424 258 480 navit
269 422 351 491 Deus,
360 421 536 549 perspicuum
549 422 585 479 sit
594 420 672 490 illud,
681 438 716 478 ne
727 419 818 476 omnia
831 418 1014 489 disserantur,
1030 419 1104 494 ipsam
1140 424 1143 455 ²

184 511 234 567 per
247 510 278 550 se
290 501 417 550 naturam
443 493 539 566 ongius
553 492 699 567 progredi3
716 509 777 565 quae
795 491 878 547 etiarn
898 491 978 547 nullo
998 493 1104 548 docente

184 565 304 639 proiecta
319 564 353 620 ab
368 565 411 633 iis,
426 582 543 638 quorum
564 582 596 621 ex
622 565 712 637 prima
733 573 761 620 et
780 562 909 619 inchoata
930 563 1105 636 intelligentia
1144 588 1149 618 r

184 652 286 709 genera
296 636 430 708 cognovit,
440 636 581 693 conlirmat
593 635 654 710 ipsa
668 653 719 710 per
731 653 760 691 se
772 634 907 691 rationem
919 642 948 690 et
961 635 1080 708 perficit.
1145 636 1147 680 i

220 715 251 771 li.
273 717 403 773 brucus
428 716 460 773 lli
472 715 650 784 immortales,
668 732 749 788 quam
763 720 795 771 tu
806 714 888 788 longe
897 714 972 786 juris
983 713 1106 788 principia
1145 714 1149 784 ξ

185 788 301 861 repetis!
319 795 401 860 atque
420 788 469 856 ita,
487 794 517 844 ut
530 803 581 859 ego
596 803 651 842 non
665 787 745 843 modo
769 786 804 842 ad
820 785 867 840 illa
885 802 939 841 non
957 802 1105 859 properem,
1145 788 1149 853 ξ

186 874 248 932 quae
270 859 461 931 exspectabam
481 875 498 914 a
516 866 543 914 te
565 857 599 914 de
618 858 682 930 jure
702 856 782 925 civili,
803 854 852 912 sed
873 856 956 913 facile
976 857 1069 931 patiar
1087 867 1105 912 tc
1146 863 1149 930 ,J

186 930 258 986 hunc
270 930 344 986 diem
356 929 399 987 rel
414 938 501 986 totum
515 929 544 985 in
558 929 610 985 isto
623 945 749 985 sermone
770 944 952 992 consumere3
969 936 1035 984 sunt
1047 927 1106 984 enin
1146 965 1149 980 a

186 1001 246 1057 haec
260 1002 372 1074 majora,
388 1018 451 1075 quae
464 1001 582 1058 aliorum
595 1016 678 1056 eausa
691 1001 807 1056 fortasse
820 999 1025 1072 complecteris,
1038 1015 1106 1073 quan
1148 1027 1149 1056 t

187 1072 516 1146 ipsailla‚quorumhaec
529 1078 824 1145 causapraeparantur.
1148 1088 1149 1099 ¹

223 1152 348 1209 blancos
370 1152 437 1208 Sunt
464 1151 523 1208 haec
547 1151 657 1224 quidem
684 1167 792 1226 magna,
815 1167 877 1224 quae
901 1167 975 1206 nunc
997 1151 1108 1207 breviter

188 1223 379 1295 attinguntur3
392 1223 439 1279 sed
453 1223 586 1293 omnium,
596 1239 657 1295 quae
673 1222 702 1278 in
711 1222 854 1278 hominurn
865 1222 1010 1278 doctorum
1025 1222 1107 1297 dispu-

188 1295 290 1351 intione
302 1302 456 1362 versantur,
473 1294 542 1350 nihil
557 1301 598 1350 est
612 1293 734 1367 prolecto
747 1292 930 1367 praestabilius
941 1310 1027 1367 qnam
1042 1295 1108 1368 plane

188 1365 305 1438 tatelligi
319 1382 369 1421 nos
383 1365 563 1438 adjustitiam
578 1382 638 1422 esse
651 1374 739 1433 natos,
752 1381 842 1437 neque
854 1364 996 1438 opinione,
1012 1365 1061 1422 sed
1070 1381 1108 1420 na-

189 1445 252 1493 tura
264 1437 442 1493 constitutum
456 1454 521 1493 esse
532 1438 587 1510 jus.
604 1437 633 1493 ld
651 1437 708 1509 jam
722 1436 837 1509 patebit,
851 1436 874 1491 si
888 1435 1034 1492 hominurn
1049 1436 1108 1492 inter

188 1509 262 1582 ipsos
274 1508 432 1566 societatem
447 1508 722 1582 conjunctionemque
734 1506 915 1589 perspexeris.

224 1580 295 1636 Nihil
316 1587 357 1637 est
384 1580 456 1638 enim
484 1597 569 1637 unum
592 1579 640 1636 uni
667 1588 724 1636 tam
749 1578 849 1647 simile,
872 1586 928 1634 tam
948 1594 1011 1652 par,
1040 1593 1108 1653 quan

189 1737 254 1793 dont
272 1735 293 1791 il
314 1752 331 1791 a
352 1735 433 1791 voulu
456 1733 525 1790 faire
548 1734 574 1789 le
596 1733 721 1807 principe
735 1732 769 1788 de
787 1740 847 1789 tout
869 1731 896 1788 le
915 1741 1001 1803 reste,
1023 1750 1110 1809 posons

189 1831 294 1872 comme
309 1813 428 1883 evident,
438 1821 465 1870 et
476 1830 546 1888 pour
558 1829 592 1868 ne
604 1829 655 1887 pas
667 1820 727 1868 tout
738 1813 906 1880 demontrer,
916 1830 971 1886 que
986 1814 1014 1870 la
1024 1823 1111 1871 nature

189 1897 313 1952 s'avance
334 1894 396 1967 plus
415 1893 474 1950 loin
496 1909 607 1966 perses
626 1909 745 1966 propres
762 1893 869 1960 forces;
892 1900 920 1948 et
943 1896 1036 1951 meme
1059 1911 1111 1951 sans

190 1979 297 2044 mettre,
315 1981 423 2048 pareant
442 1973 476 2030 de
498 1989 543 2028 ces
562 1972 772 2030 connaissances
787 1971 931 2046 generales
947 1973 1051 2045 qu’elle
1066 1974 1112 2031 doit

188 2073 241 2112 aux
252 2054 360 2111 notions
371 2052 523 2128 premieres
539 2062 566 2110 et
580 2053 723 2121 obscures,
737 2052 790 2109 elle
802 2053 903 2109 fortifie
918 2068 968 2126 par
977 2053 1032 2110 elle
1046 2052 1112 2112 seule

187 2136 215 2191 la
229 2135 331 2204 raison,
347 2142 374 2191 et
388 2132 416 2190 la
430 2134 509 2190 mene
524 2133 541 2190 d
556 2150 587 2190 sa
602 2132 762 2206 perlection.

222 2223 253 2279 X.
274 2225 399 2280 brimus
421 2222 507 2280 [lieux
528 2222 694 2279 immortels!
715 2240 769 2296 que
784 2240 851 2279 vous
871 2239 1005 2296 reprenez
1021 2225 1056 2281 de
1069 2225 1114 2282 loir

189 2303 230 2360 les
254 2302 393 2377 principes
405 2302 442 2360 du
456 2303 542 2360 droit!
559 2303 595 2361 Ge
609 2303 679 2360 n'est
701 2320 751 2377 pas
774 2302 925 2377 dependant
948 2320 1002 2376 que
1021 2305 1051 2377 je
1069 2305 1115 2362 sois

187 2385 283 2460 presse
305 2383 439 2442 d'arriver
462 2384 479 2441 e
503 2401 534 2441 ce
562 2400 616 2458 que
640 2383 669 2457 je
695 2400 762 2441 vous
777 2381 938 2439 demandais
953 2383 1115 2441 touchantle

190 2464 262 2521 droit
283 2463 356 2520 civil.
380 2465 491 2522 levous
515 2464 657 2521 laisserais
678 2463 735 2521 tres
758 2463 913 2520 facilement
933 2463 1076 2538 employer
1091 2481 1115 2520 ce

186 2545 261 2618 Jour,
274 2552 300 2600 et
315 2561 345 2600 ce
354 2545 419 2618 jour
430 2551 491 2601 tout
504 2544 602 2611 entier,
613 2543 628 2599 d
644 2543 678 2600 de
693 2542 859 2600 semblables
874 2542 1008 2625 discours.
1021 2545 1059 2601 Ce
1070 2561 1115 2618 que

189 2641 255 2680 vous
270 2641 353 2680 vener
370 2625 403 2680 de
425 2624 523 2679 traiter
541 2626 681 2696 peut-etre
700 2640 751 2697 par
771 2622 898 2679 occasion
914 2620 957 2679 e'st
976 2625 1115 2682 au·dessns

189 2704 226 2760 du
241 2704 313 2777 sujet
327 2706 416 2760 meme
430 2702 529 2776 auquel
545 2707 588 2758 est
603 2702 709 2758 destine
723 2720 754 2759 ce
770 2702 942 2775 preambule.

225 2793 346 2849 Manuos.
369 2792 437 2848 Sans
452 2792 534 2847 doute
549 2809 580 2847 ee
602 2798 666 2847 sont
681 2791 715 2847 de
726 2792 851 2864 vgrandes
871 2791 1014 2864 questions
1030 2810 1083 2867 qne
1091 2792 1116 2866 je

188 2872 286 2931 touche
302 2873 336 2927 ici
349 2888 383 2929 en
397 2878 524 2945 passant;
538 2871 606 2928 mais
622 2871 656 2928 de
672 2878 763 2928 tontes
781 2871 865 2928 celles
881 2872 926 2944 qui
944 2881 1008 2929 sont
1025 2874 1116 2930 lirrees
1137 2898 1149 2931 ·.

190 2953 247 3010 ala
258 2951 412 3008 discussion
425 2953 473 3008 des
490 2967 580 3024 seges,
597 2951 616 3006 il
637 2953 700 3007 n’en
717 2960 760 3009 est
776 2952 950 3009 assurement
965 2970 1074 3010 aucune
1088 2953 1116 3008 de

191 3031 354 3105 superieure
369 3031 385 3088 e
399 3040 471 3088 cette
488 3032 572 3088 verite
594 3032 658 3089 bien
678 3032 823 3106 comprise,
843 3048 896 3104 que
915 3049 984 3089 nous
1006 3049 1117 3089 sommes

191 3113 241 3168 nes
259 3129 329 3185 pour
342 3110 369 3168 la
384 3112 496 3185 justice,
511 3120 538 3169 et
556 3130 609 3186 que
628 3112 654 3169 le
670 3113 744 3168 droit
762 3112 807 3168 n’a
821 3111 901 3186 point
915 3112 958 3168 ete
975 3113 1061 3170 etabli
1074 3129 1118 3187 par

191 3190 335 3266 l'opinion,
351 3192 420 3248 mais
440 3210 489 3267 par
503 3193 530 3249 la
546 3202 652 3250 nature.
666 3193 741 3250 (lette
757 3192 842 3248 verite
858 3195 983 3265 paraitra
997 3193 1117 3250 evidente

192 3272 216 3328 si
230 3288 301 3329 vous
315 3271 470 3328 considerer
486 3272 513 3328 la
528 3271 628 3330 societe
641 3280 668 3328 et
687 3272 714 3329 la
728 3272 827 3329 liaison
840 3271 889 3327 des
904 3271 1031 3329 hommes
1045 3273 1117 3329 entre

193 3369 253 3408 eur.

168 3472 171 3476 -
229 3433 296 3489 Rieu
313 3449 346 3488 en
373 3431 437 3489 effes
464 3431 534 3489 n'est
552 3431 576 3488 si
602 3432 840 3506 reciproquement
869 3431 1033 3501 semblable,
1063 3433 1117 3488 rien
