2316 4080
354 300 464 359 mmm
479 293 626 360 ommis.
926 306 957 358 oa

104 394 398 489 muslinaquaequidom
456 427 568 476 Missus.
586 427 623 477 Un
633 425 694 486 seul,
710 424 751 488 qui
761 427 794 475 du
807 425 888 475 moins

107 492 149 536 eat

104 565 135 599 m.

105 628 119 661 o
132 627 188 661 cum
202 612 296 675 antiqui

104 675 183 725 ierint
198 677 365 738 essebonum,

110 739 178 799 quod
194 744 261 787 esset

104 802 162 849 [lum
173 805 295 865 naturam,

104 939 165 974 =mur
180 926 205 974 in
216 927 275 987 viia,

104 989 170 1036 utarit
185 989 248 1038 nihil
264 991 355 1039 bonum

104 1053 158 1112 {uod
174 1056 239 1099 esset
255 1053 393 1102 honestum.

105 1125 169 1161 Icus
185 1113 250 1162 Dicis
263 1129 322 1164 voro

104 1190 121 1223 n
135 1177 336 1237 controversiam,

104 1255 107 1286 ι
124 1253 180 1287 eam

105 1300 191 1349 irimat
203 1301 292 1350 omnia.

104 1375 168 1411 icus.
181 1364 287 1413 sentires
295 1364 393 1426 quidem

104 1489 208 1537 uiderent
221 1503 257 1550 re,

104 1567 112 1599 1
125 1552 215 1600 verbis.

104 1651 111 1686 :
127 1615 242 1686 isumus.
254 1615 316 1677 Ergo

103 1691 148 1725 1r1s

104 1741 151 1799 :ho‚
160 1753 214 1788 meo
229 1737 353 1799 familiari,

104 1803 165 1851 odeo
173 1803 240 1850 enim
249 1803 329 1851 diuere

104 1864 159 1928 tro),

104 1941 125 1975 m
136 1927 197 1987 vixi,

104 2066 141 2100 ene
158 2051 273 2100 convellit

104 2114 154 2163 oris
173 2115 285 2170 hortulis,

104 2177 171 2238 itque
183 2175 209 2224 iu
223 2177 388 2240 Academiam,

104 2239 175 2288 oculis
191 2239 310 2301 passibus.

106 2314 162 2351 cus.
179 2302 228 2350 iste
242 2303 279 2350 vir
290 2303 336 2351 fuit

104 2366 172 2413 idem
192 2365 299 2426 prudens

104 2433 153 2486 tus,

104 2491 179 2539 'octus
195 2489 220 2536 in
236 2504 279 2538 suo
289 2504 387 2556 genero,

104 2553 199 2614 trisque
210 2552 279 2613 mihi,

108 2652 115 2674 9

104 2691 154 2726 nen
169 2677 252 2727 vidoro
269 2691 326 2727 mox

104 2741 143 2789 iar
159 2740 184 2788 in
200 2739 323 2794 omnihus,

104 2813 110 2865 ἰ

104 2881 139 2925 oo,

106 2929 180 2977 istam
190 2926 383 2979 controversiam

104 2991 188 3040 sedari.

104 3065 156 3103 cus.
172 3054 216 3113 Qui
225 3055 323 3103 tandem

104 3118 160 3165 stud
169 3114 182 3164 ἱ)

104 3191 157 3228 nus.
174 3179 243 3239 Quia,
259 3179 289 3237 si,

104 3247 137 3290 sto
156 3242 230 3290 Chius

104 3307 168 3353 olum
183 3305 273 3354 honum
288 3316 343 3352 osso

105 3371 155 3417 sset
169 3368 307 3426 honestum,

105 3445 152 3492 que

104 3507 174 3554 urpo3
259 3534 260 3538 ,

426 491 515 538 toucho

425 552 439 600 a
454 553 479 600 la
493 551 615 614 question.

426 616 471 664 Gar
482 614 564 662 tundis
575 627 621 675 que
633 612 669 662 les
683 612 784 664 anoiens

425 680 469 725 ont
480 677 566 725 decido
581 679 633 724 etro
647 690 681 724 un
692 676 762 736 bion,

351 772 353 775 -
424 743 477 788 tout
492 753 519 788 oe
533 739 574 801 qui
587 738 662 787 serait

425 803 494 851 selon
508 803 533 850 la
546 805 643 861 nature,

423 878 467 926 par
480 863 538 925 quoi

425 941 486 975 nous
501 925 596 976 serious
613 925 681 974 aidis
699 926 759 974 dans
772 925 795 973 la
806 923 855 987 vie,
950 976 952 982 ,

423 989 529 1038 celui-ci
540 989 581 1037 n’a
594 1002 638 1037 cru
648 987 702 1036 rien
714 988 763 1036 bon

423 1051 495 1100 sinon
510 1066 538 1100 oe
551 1051 592 1113 qui
608 1051 683 1099 serait
696 1049 813 1098 honnote.

454 1115 567 1163 isumus.
583 1115 617 1161 Tu
631 1113 669 1162 dis
682 1112 803 1162 vraimont

421 1190 470 1225 uno
482 1175 558 1240 petite
572 1175 677 1237 disputo,

421 1239 483 1288 mais
497 1254 545 1288 non
560 1239 675 1301 pastello

421 1303 508 1363 quelle
524 1303 609 1364 se'paro
622 1305 684 1350 tout.

419 1367 563 1474 1ΥΜΑιιουε.
577 1365 611 1412 Tu
623 1362 748 1424 pensemis
759 1365 839 1410 cortes
857 1389 860 1393 ‹

438 1441 486 1486 ion,

420 1489 470 1536 s'ils
481 1487 622 1537 difforaient
633 1500 678 1549 par
688 1487 712 1536 le
726 1487 794 1545 fond,

420 1555 444 1599 et
455 1565 503 1599 non
514 1565 558 1613 par
568 1551 604 1598 les
618 1554 688 1598 mots.

449 1614 512 1662 xiil.
526 1615 639 1662 Aomcus.
656 1615 723 1662 Dono

419 1679 446 1725 tu
455 1676 663 1725 vaecordes-aveo

419 1739 565 1797 Antiochus,
581 1751 638 1786 mon
648 1736 707 1798 ami,

419 1799 470 1865 (oar
479 1801 504 1865 je
516 1802 584 1935 nitwi
595 1814 639 1863 pas
650 1800 702 1849 dire

417 1877 477 1913 mon
488 1878 527 1912 ma
549 1877 574 1912 re
587 1899 594 1923 ,

417 1939 475 1975 aveo
486 1927 528 1989 qui
539 1925 582 1991 J'ai
597 1924 665 1986 voco,

418 1989 495 2071 eiqui

416 2049 708 2178 uissffss‘iusssuuii,
780 2172 785 2183 ,

416 2181 441 2225 et
452 2179 501 2226 m’a
513 2178 615 2226 oonduit
628 2175 643 2224 ὲ
654 2174 811 2232 l'Aoadomie,

416 2239 431 2287 a
445 2239 495 2288 tros
509 2253 558 2300 peu
573 2240 603 2287 de
615 2251 667 2298 pas.

448 2303 563 2350 Muuous.
583 2302 625 2350 Get
636 2300 734 2350 homme
747 2298 784 2346 sut

416 2363 451 2413 lui
467 2366 545 2411 certos
560 2361 649 2413 &claim

416 2431 442 2475 et
456 2424 500 2486 ssn,

415 2492 440 2538 et
454 2487 544 2550 parsait
553 2486 613 2535 dans
628 2498 673 2536 son
687 2497 773 2549 genre,

415 2549 592 2611 etamiamoi,
856 2556 859 2562 ·

414 2627 508 2663 comme
522 2617 548 2660 tu
559 2611 608 2661 sais

414 2689 471 2726 aveo
483 2676 563 2738 lequel
578 2668 812 2737 pourtantjoverrai
820 2669 875 2732 plus

414 2738 472 2803 sija
486 2739 622 2788 m’aooorde
638 2743 670 2788 on
683 2738 746 2797 tout,

413 2816 519 2863 ou·non;

410 2863 436 2927 je
448 2866 486 2913 dis
497 2864 559 2923 oeci,
571 2892 572 2895 =

412 2931 481 2977 toute
494 2931 559 2975 cette
575 2925 673 2987 disputo
686 2974 693 2986 ,

411 2991 512 3053 pouvoir
526 2990 577 3038 stre
592 2986 696 3050 apaisse.

442 3053 559 3101 somnus.
578 3050 706 3111 Comment
721 3043 787 3094 enfin

412 3114 506 3163 vois-tu
523 3110 596 3162 cola?
743 3169 748 3180 Ι

442 3179 552 3224 Muucus.
567 3174 711 3232 Parosque,
729 3185 760 3231 si,

412 3252 506 3288 comme
519 3237 615 3286 Ariston
626 3233 731 3285 ‹io-Chio

412 3302 473 3350 adit
485 3302 509 3349 lo
521 3299 573 3349 seul
587 3298 646 3347 bien
660 3297 712 3346 otro

385 3392 388 3398 ·
412 3377 440 3413 oe
455 3363 496 3424 qui
511 3361 585 3412 serait
596 3359 711 3420 honnoto,
772 3387 776 3397 ·

413 3429 437 3476 et
446 3427 470 3475 le
481 3425 533 3475 seul
545 3427 594 3474 mol

415 3503 444 3538 ce
453 3489 495 3551 qui
508 3487 585 3539 serait
599 3489 720 3545 hontoux3
