2316 4080
108 320 139 370 92
417 323 456 371 DE
473 321 607 372 LEGIBUS.
625 322 717 372 LIBER
732 323 751 373 1.

106 437 246 511 seligenda
260 445 288 493 et
306 437 455 510 rejicienda
477 439 624 506 contraria,
640 456 701 512 quae
715 439 806 495 virtus
818 455 852 495 ex
865 433 1000 512 providerit

108 525 149 574 est
167 517 304 591 appellate
322 518 469 590 prudentie
489 537 497 573 ε
514 518 579 592 quid
594 534 626 576 eo
648 518 701 575 diei
723 527 772 577 aut
797 518 913 593 cogitari
935 525 974 592 pot
1020 510 1050 604 ’ἦέ

106 596 232 654 beatius?

143 677 273 752 idemque
285 696 355 737 ,curn
379 679 487 750 caelum,
506 686 607 750 terras,
625 668 898 753 maria,'rernmque
919 675 1003 736 omniu!
1020 668 1050 765 ’ᾖ

106 766 233 814 naturam
253 759 435 833 perspexerit,
449 776 538 832 eaque
559 759 632 816 unde
647 767 791 832 generata,
809 777 864 834 quo
883 771 1002 822 reeunuu
1028 768 1050 830 ’ἵ

106 837 224 911 quaudo,
241 856 294 913 quo
312 840 392 895 modo
408 840 528 909 obitura,
544 839 610 914 quid
625 840 652 896 in
666 839 701 896 iis
718 840 839 896 mortale
853 848 882 897 et
895 838 1004 911 caduceo,
1022 861 1050 915 p,

106 918 172 991 quid
187 919 310 975 divinum
326 928 515 994 eternumque
529 920 575 990 sit,
591 919 702 988 viderit,
722 921 870 995 ipsumque
893 937 926 977 en
940 915 1004 975 nod
1023 940 1050 978 ιν

106 1006 212 1054 rentem
220 1006 247 1056 et
255 1008 397 1073 regentem
410 1017 488 1073 paene
501 999 651 1074 prenderit,
666 1017 783 1074 seseque
795 1017 852 1058 non
864 1000 908 1057 his
920 999 1004 1056 ciram
1024 1003 1050 1079 ‘ff

105 1077 199 1151 datum
214 1079 352 1137 moenibus
366 1079 527 1154 popularem
539 1078 657 1152 alicujus
679 1079 785 1136 definiti
806 1079 872 1150 loci,
888 1080 935 1137 sed
948 1078 1005 1136 circe
1026 1071 1050 1164 ξ

105 1158 188 1214 totius
200 1159 295 1215 muudi
308 1159 386 1232 quasi
401 1159 481 1215 unius
493 1159 570 1215 urhis
585 1160 737 1236 agnoverit,
753 1160 782 1216 in
801 1161 857 1216 hec
872 1160 920 1216 illa
931 1152 1006 1229 neqol-
1026 1168 1050 1236 [en

105 1238 214 1295 licentia
242 1256 334 1295 rerum
364 1247 447 1312 atque
473 1239 502 1294 iu
530 1239 582 1295 hoc
596 1246 743 1313 conspectu
763 1248 790 1297 et
815 1239 1049 1314 cognitionenn

105 1325 184 1387 turae,
213 1319 240 1374 di
262 1318 442 1387 immortales,
469 1335 552 1392 quum
573 1336 602 1375 se
628 1319 688 1393 ipse
712 1321 822 1377 noscet!
847 1320 922 1395 qnod
942 1312 1050 1392 lpollt²j

105 1399 236 1473 proecepit
257 1399 388 1474 Pythins3
412 1416 494 1472 quam
510 1406 676 1467 contemnet,
692 1417 776 1473 quem
797 1400 940 1474 despiciet,
953 1408 1006 1472 qut
1029 1378 1050 1471 {2}

38 1522 40 1539 i
104 1479 255 1550 pronihilo
270 1480 433 1554 putabitea,
448 1497 510 1553 quoe
524 1480 606 1553 vulgo
619 1479 747 1536 dicuntur
761 1479 948 1553 amplissima!
1033 1468 1050 1548 ,ἓ

139 1558 229 1614 XXIV.
240 1560 328 1633 Atque
341 1560 400 1617 haec
408 1560 499 1616 omnia
507 1560 586 1634 quasi
596 1556 756 1634 saepimento'
763 1559 859 1633 aliquo
865 1553 1007 1618 vallabitdie
1032 1562 1048 1635 ²¹

105 1637 214 1693 serendi
229 1639 413 1705 ratione‚veri
424 1647 451 1696 et
460 1639 524 1696 falsi
531 1638 672 1711 judicandi
681 1639 804 1706 scientia,
817 1648 915 1696 etarte
922 1635 1008 1712 qmdrn
1033 1629 1050 1676 ²¹

105 1715 288 1788 intelligendi,
303 1719 369 1792 quid
384 1736 521 1794 quemque
532 1735 593 1776 rem
608 1727 751 1792 sequntur,
765 1721 875 1794 etquid
892 1719 927 1776 sit
940 1717 1009 1790 cniqot
1033 1690 1050 1786 {⁵

104 1875 120 1930 d
133 1874 273 1931 discernor
285 1892 316 1932 ce
329 1875 376 1949 qui
389 1876 503 1932 esthien
518 1882 546 1932 et
560 1874 576 1930 d
588 1891 737 1949 repousser
747 1892 777 1932 ce
794 1877 843 1950 qui
854 1894 891 1933 ne
906 1876 1010 1950 l'estpn,
1037 1866 1050 1915 ²

104 1961 183 2011 vertu
200 1954 246 2028 qui
260 1972 276 2011 a
290 1955 348 2029 pris
358 1955 385 2011 le
393 1972 457 2012 nom
470 1956 503 2012 de
518 1956 668 2027 prudeuce,
680 1955 716 2011 du
731 1963 789 2013 mot
796 1957 917 2028 privoir
929 1974 940 2014 .·
952 1955 1011 2018 don·
1038 1942 1050 2038 ff}

100 2035 130 2108 je
145 2034 171 2093 le
186 2035 328 2105 demende,
344 2043 461 2110 peut-on
476 2035 623 2109 exprimer,
640 2043 758 2109 peut-on
772 2035 912 2110 imaginor
929 2054 965 2094 un
975 2039 1012 2093 sod
1040 2038 1047 2098 ᾗ

103 2115 167 2190 plus
180 2115 304 2172 heureux
318 2132 372 2189 que
386 2114 413 2172 le
427 2115 507 2172 sien?
1042 2127 1050 2198 {²2

138 2195 176 2252 La
189 2197 361 2266 memedme,
378 2195 537 2270 lorsqu'elle
562 2213 629 2253 aura
655 2195 720 2253 bien
742 2197 858 2255 ohserve
885 2199 913 2255 le
933 2193 1014 2263 ciclic
1043 2190 1050 2255 ,ἁ

103 2283 187 2344 terre,
199 2275 315 2346 lecton,
324 2284 402 2335 toute
415 2277 443 2333 la
455 2285 569 2345 nature;
584 2276 742 2350 lorsqu'elle
751 2294 818 2333 aura
831 2296 868 2334 ru
877 2278 1015 2336 d’ounuta
1044 2249 1050 2347 i

104 2357 145 2412 les
159 2354 256 2414 choses
271 2365 318 2415 ont
333 2357 377 2414 ete
393 2357 576 2430 engendrees,
597 2357 633 2414 od
658 2356 725 2413 elles
747 2367 921 2430 retournent,
937 2353 1015 2433 quood,
1048 2379 1050 2409 z

102 2446 238 2495 comment
251 2438 318 2494 elles
334 2455 362 2494 se
375 2438 539 2507 detruiront,
558 2455 589 2494 ce
604 2437 669 2510 qu’il
684 2455 701 2510 y
715 2454 731 2493 a
747 2454 782 2493 en
803 2437 875 2495 elles
894 2440 927 2497 de
940 2432 1017 2494 mortel
1049 2437 1050 2444 ’

102 2526 129 2573 et
144 2517 177 2574 de
192 2517 357 2592 perissable‚
373 2534 403 2574 ce
417 2517 659 2592 qu'ilyadedirin
675 2524 702 2573 et
714 2516 867 2585 d'eterne13
882 2513 1019 2594 lorsqu’elle

101 2614 170 2652 aura
186 2599 254 2671 pris,
271 2614 341 2670 pour
355 2597 424 2653 ainsi
439 2597 509 2668 dire,
523 2613 573 2653 sur
584 2597 611 2652 le
625 2597 685 2668 fait,
697 2595 767 2653 celui
779 2597 826 2671 qui
842 2597 885 2655 les
900 2610 1019 2673 gouvcrne

101 2683 129 2730 et
150 2675 191 2731 les
213 2676 300 2748 regit3
316 2675 474 2749 lorsqu'elle
494 2679 668 2733 reconnaltm
691 2676 791 2750 qu’elle
815 2678 889 2735 n’est
912 2679 1019 2754 pointm

101 2754 226 2811 habitant
237 2755 319 2810 d'une
338 2755 462 2811 enceinte
480 2755 583 2812 lermee
600 2773 650 2829 par
668 2757 716 2813 des
736 2757 894 2829 murailles,
914 2758 981 2816 ineis
994 2771 1021 2812 on

101 2835 207 2907 citoyeu
221 2834 258 2889 du
278 2833 387 2903 monde,
401 2835 434 2890 de
449 2834 477 2890 la
496 2834 556 2890 cite*
573 2835 689 2908 unique3
709 2834 794 2906 alors,
817 2855 855 2894 au
870 2839 1022 2912 magnifiqne

103 2913 238 2987 spectacle
251 2914 285 2970 de
299 2914 443 2982 l'unirers,
456 2914 555 2970 dcctte
568 2932 620 2971 rue
636 2923 664 2972 et
678 2916 694 2972 d
706 2919 988 2977 cettcconnaissence
998 2915 1023 2972 de

101 2991 128 3048 la
138 3000 244 3063 nature,
259 2994 362 3067 grands
374 2995 471 3052 dicun!
483 3011 590 3052 comme
605 2994 658 3052 elle
672 3013 702 3052 se
714 2999 858 3054 connaltra
868 3000 1024 3063 elle-meme,

103 3073 181 3129 selon
192 3072 218 3128 le
234 3075 361 3149 precepte
379 3074 522 3148 d'Apollon
536 3075 664 3149 Pythion!
681 3093 786 3132 comme
799 3077 855 3133 elle
874 3081 1024 3155 meprisern,

104 3169 208 3209 comme
219 3151 271 3208 elle
287 3154 467 3228 dedaignera,
481 3172 586 3212 comme
598 3153 651 3211 elle
664 3156 777 3212 traitem
786 3155 802 3211 d
812 3156 900 3232 l’egal
910 3161 949 3218 du
959 3161 1026 3217 nean

103 3240 194 3289 tontes
208 3250 254 3289 ces
268 3232 365 3290 choses
379 3252 432 3308 que
445 3234 471 3290 le
485 3235 609 3308 vulgaire
625 3235 731 3309 appelle
746 3237 886 3309 grandesl

138 3312 225 3368 XXIV.
246 3311 280 3369 Et
300 3321 360 3370 tout
388 3315 457 3384 cela,
471 3313 524 3371 elle
547 3315 574 3371 le
597 3316 715 3384 munira,
731 3332 838 3372 comme
871 3320 941 3378 d'un
968 3336 1029 3378 rem-

104 3400 175 3466 part,
189 3392 222 3448 de
240 3391 269 3449 la
288 3393 415 3450 methode
431 3393 607 3468 dialectique,
621 3395 655 3450 de
677 3395 705 3450 la
718 3395 826 3452 seience
845 3398 881 3456 de
898 3402 1031 3460 discernet

104 3473 130 3528 le
142 3471 200 3529 vrai
209 3473 246 3530 du
255 3473 330 3543 faux,
348 3473 420 3530 enlin
431 3473 465 3531 de
480 3482 524 3532 cet
538 3482 581 3532 art
593 3472 627 3531 de
639 3475 720 3532 saisir
731 3474 772 3532 les
788 3480 999 3557 consequences
1011 3487 1032 3538 et
